%YAML 1.1
%TAG !u! tag:unity3d.com,2011:
--- !u!29 &1
OcclusionCullingSettings:
  m_ObjectHideFlags: 0
  serializedVersion: 2
  m_OcclusionBakeSettings:
    smallestOccluder: 5
    smallestHole: 0.25
    backfaceThreshold: 100
  m_SceneGUID: 00000000000000000000000000000000
  m_OcclusionCullingData: {fileID: 0}
--- !u!104 &2
RenderSettings:
  m_ObjectHideFlags: 0
  serializedVersion: 9
  m_Fog: 0
  m_FogColor: {r: 0.5, g: 0.5, b: 0.5, a: 1}
  m_FogMode: 3
  m_FogDensity: 0.01
  m_LinearFogStart: 0
  m_LinearFogEnd: 300
  m_AmbientSkyColor: {r: 0.212, g: 0.227, b: 0.259, a: 1}
  m_AmbientEquatorColor: {r: 0.114, g: 0.125, b: 0.133, a: 1}
  m_AmbientGroundColor: {r: 0.047, g: 0.043, b: 0.035, a: 1}
  m_AmbientIntensity: 1
  m_AmbientMode: 0
  m_SubtractiveShadowColor: {r: 0.42, g: 0.478, b: 0.627, a: 1}
  m_SkyboxMaterial: {fileID: 10304, guid: 0000000000000000f000000000000000, type: 0}
  m_HaloStrength: 0.5
  m_FlareStrength: 1
  m_FlareFadeSpeed: 3
  m_HaloTexture: {fileID: 0}
  m_SpotCookie: {fileID: 10001, guid: 0000000000000000e000000000000000, type: 0}
  m_DefaultReflectionMode: 0
  m_DefaultReflectionResolution: 128
  m_ReflectionBounces: 1
  m_ReflectionIntensity: 1
  m_CustomReflection: {fileID: 0}
  m_Sun: {fileID: 705507994}
  m_IndirectSpecularColor: {r: 0.44657898, g: 0.4964133, b: 0.5748178, a: 1}
  m_UseRadianceAmbientProbe: 0
--- !u!157 &3
LightmapSettings:
  m_ObjectHideFlags: 0
  serializedVersion: 11
  m_GIWorkflowMode: 0
  m_GISettings:
    serializedVersion: 2
    m_BounceScale: 1
    m_IndirectOutputScale: 1
    m_AlbedoBoost: 1
    m_EnvironmentLightingMode: 0
    m_EnableBakedLightmaps: 1
    m_EnableRealtimeLightmaps: 0
  m_LightmapEditorSettings:
    serializedVersion: 10
    m_Resolution: 2
    m_BakeResolution: 40
    m_AtlasSize: 1024
    m_AO: 0
    m_AOMaxDistance: 1
    m_CompAOExponent: 1
    m_CompAOExponentDirect: 0
    m_Padding: 2
    m_LightmapParameters: {fileID: 0}
    m_LightmapsBakeMode: 1
    m_TextureCompression: 1
    m_FinalGather: 0
    m_FinalGatherFiltering: 1
    m_FinalGatherRayCount: 256
    m_ReflectionCompression: 2
    m_MixedBakeMode: 2
    m_BakeBackend: 1
    m_PVRSampling: 1
    m_PVRDirectSampleCount: 32
    m_PVRSampleCount: 500
    m_PVRBounces: 2
    m_PVRFilterTypeDirect: 0
    m_PVRFilterTypeIndirect: 0
    m_PVRFilterTypeAO: 0
    m_PVRFilteringMode: 2
    m_PVRCulling: 1
    m_PVRFilteringGaussRadiusDirect: 1
    m_PVRFilteringGaussRadiusIndirect: 5
    m_PVRFilteringGaussRadiusAO: 2
    m_PVRFilteringAtrousPositionSigmaDirect: 0.5
    m_PVRFilteringAtrousPositionSigmaIndirect: 2
    m_PVRFilteringAtrousPositionSigmaAO: 1
    m_ShowResolutionOverlay: 1
  m_LightingDataAsset: {fileID: 0}
  m_UseShadowmask: 1
--- !u!196 &4
NavMeshSettings:
  serializedVersion: 2
  m_ObjectHideFlags: 0
  m_BuildSettings:
    serializedVersion: 2
    agentTypeID: 0
    agentRadius: 0.5
    agentHeight: 2
    agentSlope: 45
    agentClimb: 0.4
    ledgeDropHeight: 0
    maxJumpAcrossDistance: 0
    minRegionArea: 2
    manualCellSize: 0
    cellSize: 0.16666667
    manualTileSize: 0
    tileSize: 256
    accuratePlacement: 0
    debug:
      m_Flags: 0
  m_NavMeshData: {fileID: 0}
--- !u!4 &274541850 stripped
Transform:
  m_CorrespondingSourceObject: {fileID: 6972021942536072043, guid: 97368b26366c4484e8e716c3f73df46b,
    type: 3}
  m_PrefabInstance: {fileID: 2077510981}
  m_PrefabAsset: {fileID: 0}
--- !u!1001 &290408763
PrefabInstance:
  m_ObjectHideFlags: 0
  serializedVersion: 2
  m_Modification:
    m_TransformParent: {fileID: 1882496495}
    m_Modifications:
    - target: {fileID: 6972021942536072043, guid: 97368b26366c4484e8e716c3f73df46b,
        type: 3}
      propertyPath: m_LocalPosition.x
      value: -3.44
      objectReference: {fileID: 0}
    - target: {fileID: 6972021942536072043, guid: 97368b26366c4484e8e716c3f73df46b,
        type: 3}
      propertyPath: m_LocalPosition.y
      value: 0
      objectReference: {fileID: 0}
    - target: {fileID: 6972021942536072043, guid: 97368b26366c4484e8e716c3f73df46b,
        type: 3}
      propertyPath: m_LocalPosition.z
      value: -2.3700004
      objectReference: {fileID: 0}
    - target: {fileID: 6972021942536072043, guid: 97368b26366c4484e8e716c3f73df46b,
        type: 3}
      propertyPath: m_LocalRotation.x
      value: -0
      objectReference: {fileID: 0}
    - target: {fileID: 6972021942536072043, guid: 97368b26366c4484e8e716c3f73df46b,
        type: 3}
      propertyPath: m_LocalRotation.y
      value: -0
      objectReference: {fileID: 0}
    - target: {fileID: 6972021942536072043, guid: 97368b26366c4484e8e716c3f73df46b,
        type: 3}
      propertyPath: m_LocalRotation.z
      value: -0
      objectReference: {fileID: 0}
    - target: {fileID: 6972021942536072043, guid: 97368b26366c4484e8e716c3f73df46b,
        type: 3}
      propertyPath: m_LocalRotation.w
      value: 1
      objectReference: {fileID: 0}
    - target: {fileID: 6972021942536072043, guid: 97368b26366c4484e8e716c3f73df46b,
        type: 3}
      propertyPath: m_RootOrder
      value: 5
      objectReference: {fileID: 0}
    - target: {fileID: 6972021942536072043, guid: 97368b26366c4484e8e716c3f73df46b,
        type: 3}
      propertyPath: m_LocalEulerAnglesHint.x
      value: 0
      objectReference: {fileID: 0}
    - target: {fileID: 6972021942536072043, guid: 97368b26366c4484e8e716c3f73df46b,
        type: 3}
      propertyPath: m_LocalEulerAnglesHint.y
      value: 0
      objectReference: {fileID: 0}
    - target: {fileID: 6972021942536072043, guid: 97368b26366c4484e8e716c3f73df46b,
        type: 3}
      propertyPath: m_LocalEulerAnglesHint.z
      value: 0
      objectReference: {fileID: 0}
    - target: {fileID: 6972021942536072044, guid: 97368b26366c4484e8e716c3f73df46b,
        type: 3}
      propertyPath: m_Name
      value: DRAGON TOOTH (1)
      objectReference: {fileID: 0}
    m_RemovedComponents: []
  m_SourcePrefab: {fileID: 100100000, guid: 97368b26366c4484e8e716c3f73df46b, type: 3}
--- !u!1 &330680939
GameObject:
  m_ObjectHideFlags: 0
  m_CorrespondingSourceObject: {fileID: 0}
  m_PrefabInstance: {fileID: 0}
  m_PrefabAsset: {fileID: 0}
  serializedVersion: 6
  m_Component:
  - component: {fileID: 330680941}
  - component: {fileID: 330680940}
  m_Layer: 0
  m_Name: GAMEMANAGER
  m_TagString: Untagged
  m_Icon: {fileID: 0}
  m_NavMeshLayer: 0
  m_StaticEditorFlags: 0
  m_IsActive: 1
--- !u!114 &330680940
MonoBehaviour:
  m_ObjectHideFlags: 0
  m_CorrespondingSourceObject: {fileID: 0}
  m_PrefabInstance: {fileID: 0}
  m_PrefabAsset: {fileID: 0}
  m_GameObject: {fileID: 330680939}
  m_Enabled: 1
  m_EditorHideFlags: 0
  m_Script: {fileID: 11500000, guid: 5943d2826385d5542b9ebd5a3b76a6e9, type: 3}
  m_Name: 
  m_EditorClassIdentifier: 
  playerColors:
  - {r: 1, g: 1, b: 1, a: 1}
  - {r: 0, g: 0.783113, b: 1, a: 1}
  - {r: 0.08414916, g: 0.5754717, b: 0.36757743, a: 1}
  - {r: 1, g: 0.5805434, b: 0.1745283, a: 1}
  - {r: 0.72340214, g: 0.16135636, b: 0.9245283, a: 1}
  playerCount: 2
  currentLevelData: {fileID: 11400000, guid: bfa7b22aef2a97b47a4dc16965119863, type: 2}
  input: {fileID: 11400000, guid: 0ca07df2b51dfcd46b3fda6a31c934d7, type: 2}
  playerPrefab: {fileID: 3344537713295341044, guid: 1104b7471479d4244b150b0632368bdd,
    type: 3}
  burningFX: {fileID: 7045340964213437429, guid: c31eced62509ecc44910e40047d12fed,
    type: 3}
  playerList: []
--- !u!4 &330680941
Transform:
  m_ObjectHideFlags: 0
  m_CorrespondingSourceObject: {fileID: 0}
  m_PrefabInstance: {fileID: 0}
  m_PrefabAsset: {fileID: 0}
  m_GameObject: {fileID: 330680939}
  m_LocalRotation: {x: 0, y: 0, z: 0, w: 1}
  m_LocalPosition: {x: 0, y: 0, z: 0}
  m_LocalScale: {x: 1, y: 1, z: 1}
  m_Children: []
  m_Father: {fileID: 0}
  m_RootOrder: 6
  m_LocalEulerAnglesHint: {x: 0, y: 0, z: 0}
--- !u!1 &357121578
GameObject:
  m_ObjectHideFlags: 0
  m_CorrespondingSourceObject: {fileID: 0}
  m_PrefabInstance: {fileID: 0}
  m_PrefabAsset: {fileID: 0}
  serializedVersion: 6
  m_Component:
  - component: {fileID: 357121581}
  - component: {fileID: 357121579}
  - component: {fileID: 357121582}
  - component: {fileID: 357121580}
  - component: {fileID: 357121583}
  m_Layer: 8
  m_Name: TEST_PICK
  m_TagString: Untagged
  m_Icon: {fileID: 0}
  m_NavMeshLayer: 0
  m_StaticEditorFlags: 0
  m_IsActive: 1
--- !u!114 &357121579
MonoBehaviour:
  m_ObjectHideFlags: 0
  m_CorrespondingSourceObject: {fileID: 0}
  m_PrefabInstance: {fileID: 0}
  m_PrefabAsset: {fileID: 0}
  m_GameObject: {fileID: 357121578}
  m_Enabled: 1
  m_EditorHideFlags: 0
  m_Script: {fileID: 11500000, guid: 188b684bfb18f844caccc8eba162952e, type: 3}
  m_Name: 
  m_EditorClassIdentifier: 
  mRigidBody: {fileID: 357121582}
  owner: {fileID: 0}
  pickableType: 0
--- !u!135 &357121580
SphereCollider:
  m_ObjectHideFlags: 0
  m_CorrespondingSourceObject: {fileID: 0}
  m_PrefabInstance: {fileID: 0}
  m_PrefabAsset: {fileID: 0}
  m_GameObject: {fileID: 357121578}
  m_Material: {fileID: 0}
  m_IsTrigger: 0
  m_Enabled: 1
  serializedVersion: 2
  m_Radius: 0.5
  m_Center: {x: 0, y: 0, z: 0}
--- !u!4 &357121581
Transform:
  m_ObjectHideFlags: 0
  m_CorrespondingSourceObject: {fileID: 0}
  m_PrefabInstance: {fileID: 0}
  m_PrefabAsset: {fileID: 0}
  m_GameObject: {fileID: 357121578}
  m_LocalRotation: {x: 0, y: 0, z: 0, w: 1}
  m_LocalPosition: {x: 3.76, y: 1.59, z: -1.4}
  m_LocalScale: {x: 1, y: 1, z: 1}
  m_Children:
  - {fileID: 463425135}
  m_Father: {fileID: 0}
  m_RootOrder: 13
  m_LocalEulerAnglesHint: {x: 0, y: 0, z: 0}
--- !u!54 &357121582
Rigidbody:
  m_ObjectHideFlags: 0
  m_CorrespondingSourceObject: {fileID: 0}
  m_PrefabInstance: {fileID: 0}
  m_PrefabAsset: {fileID: 0}
  m_GameObject: {fileID: 357121578}
  serializedVersion: 2
  m_Mass: 1
  m_Drag: 0
  m_AngularDrag: 0.05
  m_UseGravity: 1
  m_IsKinematic: 0
  m_Interpolate: 0
  m_Constraints: 112
  m_CollisionDetection: 0
--- !u!114 &357121583
MonoBehaviour:
  m_ObjectHideFlags: 0
  m_CorrespondingSourceObject: {fileID: 0}
  m_PrefabInstance: {fileID: 0}
  m_PrefabAsset: {fileID: 0}
  m_GameObject: {fileID: 357121578}
  m_Enabled: 1
  m_EditorHideFlags: 0
  m_Script: {fileID: 11500000, guid: 6cd4c8a1e306dec46ac8b3e85b4045c1, type: 3}
  m_Name: 
  m_EditorClassIdentifier: 
  burning: 0
--- !u!1001 &435183629
PrefabInstance:
  m_ObjectHideFlags: 0
  serializedVersion: 2
  m_Modification:
    m_TransformParent: {fileID: 1882496495}
    m_Modifications:
    - target: {fileID: 6972021942536072043, guid: 97368b26366c4484e8e716c3f73df46b,
        type: 3}
      propertyPath: m_LocalPosition.x
      value: 1.56
      objectReference: {fileID: 0}
    - target: {fileID: 6972021942536072043, guid: 97368b26366c4484e8e716c3f73df46b,
        type: 3}
      propertyPath: m_LocalPosition.y
      value: 0
      objectReference: {fileID: 0}
    - target: {fileID: 6972021942536072043, guid: 97368b26366c4484e8e716c3f73df46b,
        type: 3}
      propertyPath: m_LocalPosition.z
      value: -3.3700004
      objectReference: {fileID: 0}
    - target: {fileID: 6972021942536072043, guid: 97368b26366c4484e8e716c3f73df46b,
        type: 3}
      propertyPath: m_LocalRotation.x
      value: -0
      objectReference: {fileID: 0}
    - target: {fileID: 6972021942536072043, guid: 97368b26366c4484e8e716c3f73df46b,
        type: 3}
      propertyPath: m_LocalRotation.y
      value: -0
      objectReference: {fileID: 0}
    - target: {fileID: 6972021942536072043, guid: 97368b26366c4484e8e716c3f73df46b,
        type: 3}
      propertyPath: m_LocalRotation.z
      value: -0
      objectReference: {fileID: 0}
    - target: {fileID: 6972021942536072043, guid: 97368b26366c4484e8e716c3f73df46b,
        type: 3}
      propertyPath: m_LocalRotation.w
      value: 1
      objectReference: {fileID: 0}
    - target: {fileID: 6972021942536072043, guid: 97368b26366c4484e8e716c3f73df46b,
        type: 3}
      propertyPath: m_RootOrder
      value: 3
      objectReference: {fileID: 0}
    - target: {fileID: 6972021942536072043, guid: 97368b26366c4484e8e716c3f73df46b,
        type: 3}
      propertyPath: m_LocalEulerAnglesHint.x
      value: 0
      objectReference: {fileID: 0}
    - target: {fileID: 6972021942536072043, guid: 97368b26366c4484e8e716c3f73df46b,
        type: 3}
      propertyPath: m_LocalEulerAnglesHint.y
      value: 0
      objectReference: {fileID: 0}
    - target: {fileID: 6972021942536072043, guid: 97368b26366c4484e8e716c3f73df46b,
        type: 3}
      propertyPath: m_LocalEulerAnglesHint.z
      value: 0
      objectReference: {fileID: 0}
    - target: {fileID: 6972021942536072044, guid: 97368b26366c4484e8e716c3f73df46b,
        type: 3}
      propertyPath: m_Name
      value: DRAGON TOOTH (3)
      objectReference: {fileID: 0}
    m_RemovedComponents: []
  m_SourcePrefab: {fileID: 100100000, guid: 97368b26366c4484e8e716c3f73df46b, type: 3}
--- !u!1 &463425134
GameObject:
  m_ObjectHideFlags: 0
  m_CorrespondingSourceObject: {fileID: 0}
  m_PrefabInstance: {fileID: 0}
  m_PrefabAsset: {fileID: 0}
  serializedVersion: 6
  m_Component:
  - component: {fileID: 463425135}
  - component: {fileID: 463425137}
  - component: {fileID: 463425136}
  m_Layer: 8
  m_Name: Cylinder
  m_TagString: Untagged
  m_Icon: {fileID: 0}
  m_NavMeshLayer: 0
  m_StaticEditorFlags: 0
  m_IsActive: 1
--- !u!4 &463425135
Transform:
  m_ObjectHideFlags: 0
  m_CorrespondingSourceObject: {fileID: 0}
  m_PrefabInstance: {fileID: 0}
  m_PrefabAsset: {fileID: 0}
  m_GameObject: {fileID: 463425134}
  m_LocalRotation: {x: -0, y: -0, z: -0, w: 1}
  m_LocalPosition: {x: 0, y: 0, z: 0}
  m_LocalScale: {x: 1, y: 1, z: 1}
  m_Children: []
  m_Father: {fileID: 357121581}
  m_RootOrder: 0
  m_LocalEulerAnglesHint: {x: 0, y: 0, z: 0}
--- !u!23 &463425136
MeshRenderer:
  m_ObjectHideFlags: 0
  m_CorrespondingSourceObject: {fileID: 0}
  m_PrefabInstance: {fileID: 0}
  m_PrefabAsset: {fileID: 0}
  m_GameObject: {fileID: 463425134}
  m_Enabled: 1
  m_CastShadows: 1
  m_ReceiveShadows: 1
  m_DynamicOccludee: 1
  m_MotionVectors: 1
  m_LightProbeUsage: 1
  m_ReflectionProbeUsage: 1
  m_RenderingLayerMask: 1
  m_RendererPriority: 0
  m_Materials:
  - {fileID: 10303, guid: 0000000000000000f000000000000000, type: 0}
  m_StaticBatchInfo:
    firstSubMesh: 0
    subMeshCount: 0
  m_StaticBatchRoot: {fileID: 0}
  m_ProbeAnchor: {fileID: 0}
  m_LightProbeVolumeOverride: {fileID: 0}
  m_ScaleInLightmap: 1
  m_PreserveUVs: 0
  m_IgnoreNormalsForChartDetection: 0
  m_ImportantGI: 0
  m_StitchLightmapSeams: 1
  m_SelectedEditorRenderState: 3
  m_MinimumChartSize: 4
  m_AutoUVMaxDistance: 0.5
  m_AutoUVMaxAngle: 89
  m_LightmapParameters: {fileID: 0}
  m_SortingLayerID: 0
  m_SortingLayer: 0
  m_SortingOrder: 0
--- !u!33 &463425137
MeshFilter:
  m_ObjectHideFlags: 0
  m_CorrespondingSourceObject: {fileID: 0}
  m_PrefabInstance: {fileID: 0}
  m_PrefabAsset: {fileID: 0}
  m_GameObject: {fileID: 463425134}
  m_Mesh: {fileID: 10207, guid: 0000000000000000e000000000000000, type: 0}
--- !u!4 &474463459 stripped
Transform:
  m_CorrespondingSourceObject: {fileID: 6972021942536072043, guid: 97368b26366c4484e8e716c3f73df46b,
    type: 3}
  m_PrefabInstance: {fileID: 885336927}
  m_PrefabAsset: {fileID: 0}
--- !u!54 &547628059 stripped
Rigidbody:
  m_CorrespondingSourceObject: {fileID: 2723075980071572556, guid: ea3608e26b5a01d418309729d68d076e,
    type: 3}
  m_PrefabInstance: {fileID: 843838469}
  m_PrefabAsset: {fileID: 0}
--- !u!1 &566127340
GameObject:
  m_ObjectHideFlags: 0
  m_CorrespondingSourceObject: {fileID: 0}
  m_PrefabInstance: {fileID: 0}
  m_PrefabAsset: {fileID: 0}
  serializedVersion: 6
  m_Component:
  - component: {fileID: 566127342}
  - component: {fileID: 566127341}
  m_Layer: 0
  m_Name: CAM_game
  m_TagString: Untagged
  m_Icon: {fileID: 0}
  m_NavMeshLayer: 0
  m_StaticEditorFlags: 0
  m_IsActive: 1
--- !u!114 &566127341
MonoBehaviour:
  m_ObjectHideFlags: 0
  m_CorrespondingSourceObject: {fileID: 0}
  m_PrefabInstance: {fileID: 0}
  m_PrefabAsset: {fileID: 0}
  m_GameObject: {fileID: 566127340}
  m_Enabled: 1
  m_EditorHideFlags: 0
  m_Script: {fileID: 11500000, guid: 45e653bab7fb20e499bda25e1b646fea, type: 3}
  m_Name: 
  m_EditorClassIdentifier: 
  m_ExcludedPropertiesInInspector:
  - m_Script
  m_LockStageInInspector: 
  m_StreamingVersion: 20170927
  m_Priority: 10
  m_StandbyUpdate: 2
  m_LookAt: {fileID: 0}
  m_Follow: {fileID: 0}
  m_Lens:
    FieldOfView: 7.334
    OrthographicSize: 10
    NearClipPlane: 0.1
    FarClipPlane: 5000
    Dutch: 0
    LensShift: {x: 0, y: 0}
  m_Transitions:
    m_BlendHint: 0
    m_InheritPosition: 0
    m_OnCameraLive:
      m_PersistentCalls:
        m_Calls: []
  m_LegacyBlendHint: 0
  m_ComponentOwner: {fileID: 719240622}
--- !u!4 &566127342
Transform:
  m_ObjectHideFlags: 0
  m_CorrespondingSourceObject: {fileID: 0}
  m_PrefabInstance: {fileID: 0}
  m_PrefabAsset: {fileID: 0}
  m_GameObject: {fileID: 566127340}
  m_LocalRotation: {x: 0.30144984, y: 0.6552592, z: -0.27305624, w: 0.63655615}
  m_LocalPosition: {x: -48.06048, y: 54.36764, z: 3.480831}
  m_LocalScale: {x: 0.99999994, y: 1.0000004, z: 1.0000004}
  m_Children:
  - {fileID: 719240622}
  m_Father: {fileID: 0}
  m_RootOrder: 8
  m_LocalEulerAnglesHint: {x: 47.87, y: 93.45901, z: 4.054}
--- !u!1 &705507993
GameObject:
  m_ObjectHideFlags: 0
  m_CorrespondingSourceObject: {fileID: 0}
  m_PrefabInstance: {fileID: 0}
  m_PrefabAsset: {fileID: 0}
  serializedVersion: 6
  m_Component:
  - component: {fileID: 705507995}
  - component: {fileID: 705507994}
  m_Layer: 0
  m_Name: Directional Light
  m_TagString: Untagged
  m_Icon: {fileID: 0}
  m_NavMeshLayer: 0
  m_StaticEditorFlags: 0
  m_IsActive: 1
--- !u!108 &705507994
Light:
  m_ObjectHideFlags: 0
  m_CorrespondingSourceObject: {fileID: 0}
  m_PrefabInstance: {fileID: 0}
  m_PrefabAsset: {fileID: 0}
  m_GameObject: {fileID: 705507993}
  m_Enabled: 1
  serializedVersion: 8
  m_Type: 1
  m_Color: {r: 1, g: 0.95686275, b: 0.8392157, a: 1}
  m_Intensity: 1
  m_Range: 10
  m_SpotAngle: 30
  m_CookieSize: 10
  m_Shadows:
    m_Type: 2
    m_Resolution: -1
    m_CustomResolution: -1
    m_Strength: 1
    m_Bias: 0.05
    m_NormalBias: 0.4
    m_NearPlane: 0.2
  m_Cookie: {fileID: 0}
  m_DrawHalo: 0
  m_Flare: {fileID: 0}
  m_RenderMode: 0
  m_CullingMask:
    serializedVersion: 2
    m_Bits: 4294967295
  m_Lightmapping: 1
  m_LightShadowCasterMode: 0
  m_AreaSize: {x: 1, y: 1}
  m_BounceIntensity: 1
  m_ColorTemperature: 6570
  m_UseColorTemperature: 0
  m_ShadowRadius: 0
  m_ShadowAngle: 0
--- !u!4 &705507995
Transform:
  m_ObjectHideFlags: 0
  m_CorrespondingSourceObject: {fileID: 0}
  m_PrefabInstance: {fileID: 0}
  m_PrefabAsset: {fileID: 0}
  m_GameObject: {fileID: 705507993}
  m_LocalRotation: {x: 0.40821788, y: -0.23456968, z: 0.10938163, w: 0.8754261}
  m_LocalPosition: {x: 0, y: 3, z: 0}
  m_LocalScale: {x: 1, y: 1, z: 1}
  m_Children: []
  m_Father: {fileID: 0}
  m_RootOrder: 5
  m_LocalEulerAnglesHint: {x: 50, y: -30, z: 0}
--- !u!1 &719240621
GameObject:
  m_ObjectHideFlags: 3
  m_CorrespondingSourceObject: {fileID: 0}
  m_PrefabInstance: {fileID: 0}
  m_PrefabAsset: {fileID: 0}
  serializedVersion: 6
  m_Component:
  - component: {fileID: 719240622}
  - component: {fileID: 719240625}
  - component: {fileID: 719240624}
  - component: {fileID: 719240623}
  m_Layer: 0
  m_Name: cm
  m_TagString: Untagged
  m_Icon: {fileID: 0}
  m_NavMeshLayer: 0
  m_StaticEditorFlags: 0
  m_IsActive: 1
--- !u!4 &719240622
Transform:
  m_ObjectHideFlags: 3
  m_CorrespondingSourceObject: {fileID: 0}
  m_PrefabInstance: {fileID: 0}
  m_PrefabAsset: {fileID: 0}
  m_GameObject: {fileID: 719240621}
  m_LocalRotation: {x: -0.49418584, y: -0.0000000011680695, z: 0.0000000011591883,
    w: 0.8693563}
  m_LocalPosition: {x: -0.6508413, y: -0.20754623, z: 27.94959}
  m_LocalScale: {x: 1, y: 1, z: 1}
  m_Children: []
  m_Father: {fileID: 566127342}
  m_RootOrder: 0
  m_LocalEulerAnglesHint: {x: 0, y: 0, z: 0}
--- !u!114 &719240623
MonoBehaviour:
  m_ObjectHideFlags: 3
  m_CorrespondingSourceObject: {fileID: 0}
  m_PrefabInstance: {fileID: 0}
  m_PrefabAsset: {fileID: 0}
  m_GameObject: {fileID: 719240621}
  m_Enabled: 1
  m_EditorHideFlags: 0
  m_Script: {fileID: 11500000, guid: fa7155796051b734daa718462081dc5f, type: 3}
  m_Name: 
  m_EditorClassIdentifier: 
  m_BindingMode: 1
  m_FollowOffset: {x: 0, y: 0, z: -10}
  m_XDamping: 1
  m_YDamping: 1
  m_ZDamping: 1
  m_AngularDampingMode: 0
  m_PitchDamping: 0
  m_YawDamping: 0
  m_RollDamping: 0
  m_AngularDamping: 0
--- !u!114 &719240624
MonoBehaviour:
  m_ObjectHideFlags: 3
  m_CorrespondingSourceObject: {fileID: 0}
  m_PrefabInstance: {fileID: 0}
  m_PrefabAsset: {fileID: 0}
  m_GameObject: {fileID: 719240621}
  m_Enabled: 1
  m_EditorHideFlags: 0
  m_Script: {fileID: 11500000, guid: f4044717213e31446939f7bd49c896ea, type: 3}
  m_Name: 
  m_EditorClassIdentifier: 
  m_TrackedObjectOffset: {x: 0, y: 0, z: 0}
  m_LookaheadTime: 0
  m_LookaheadSmoothing: 10
  m_LookaheadIgnoreY: 0
  m_HorizontalDamping: 0.5
  m_VerticalDamping: 0.5
  m_ScreenX: 0.5
  m_ScreenY: 0.5
  m_DeadZoneWidth: 0
  m_DeadZoneHeight: 0
  m_SoftZoneWidth: 0.8
  m_SoftZoneHeight: 0.8
  m_BiasX: 0
  m_BiasY: 0
  m_CenterOnActivate: 1
--- !u!114 &719240625
MonoBehaviour:
  m_ObjectHideFlags: 3
  m_CorrespondingSourceObject: {fileID: 0}
  m_PrefabInstance: {fileID: 0}
  m_PrefabAsset: {fileID: 0}
  m_GameObject: {fileID: 719240621}
  m_Enabled: 1
  m_EditorHideFlags: 0
  m_Script: {fileID: 11500000, guid: ac0b09e7857660247b1477e93731de29, type: 3}
  m_Name: 
  m_EditorClassIdentifier: 
--- !u!1 &789626914
GameObject:
  m_ObjectHideFlags: 0
  m_CorrespondingSourceObject: {fileID: 0}
  m_PrefabInstance: {fileID: 0}
  m_PrefabAsset: {fileID: 0}
  serializedVersion: 6
  m_Component:
  - component: {fileID: 789626917}
  - component: {fileID: 789626916}
  - component: {fileID: 789626915}
  m_Layer: 8
  m_Name: TEST ITEM 2
  m_TagString: Untagged
  m_Icon: {fileID: 0}
  m_NavMeshLayer: 0
  m_StaticEditorFlags: 0
  m_IsActive: 1
--- !u!114 &789626915
MonoBehaviour:
  m_ObjectHideFlags: 0
  m_CorrespondingSourceObject: {fileID: 0}
  m_PrefabInstance: {fileID: 0}
  m_PrefabAsset: {fileID: 0}
  m_GameObject: {fileID: 789626914}
  m_Enabled: 1
  m_EditorHideFlags: 0
  m_Script: {fileID: 11500000, guid: 08ab4c6962c54b041963b0a2d06ea54b, type: 3}
  m_Name: 
  m_EditorClassIdentifier: 
--- !u!136 &789626916
CapsuleCollider:
  m_ObjectHideFlags: 0
  m_CorrespondingSourceObject: {fileID: 0}
  m_PrefabInstance: {fileID: 0}
  m_PrefabAsset: {fileID: 0}
  m_GameObject: {fileID: 789626914}
  m_Material: {fileID: 0}
  m_IsTrigger: 0
  m_Enabled: 1
  m_Radius: 0.5000001
  m_Height: 2
  m_Direction: 1
  m_Center: {x: 0.000000059604645, y: 0, z: -0.00000008940697}
--- !u!4 &789626917
Transform:
  m_ObjectHideFlags: 0
  m_CorrespondingSourceObject: {fileID: 0}
  m_PrefabInstance: {fileID: 0}
  m_PrefabAsset: {fileID: 0}
  m_GameObject: {fileID: 789626914}
  m_LocalRotation: {x: 0, y: 0, z: 0, w: 1}
  m_LocalPosition: {x: -4.3, y: 0.49, z: 3.29}
  m_LocalScale: {x: 1, y: 1, z: 1}
  m_Children:
  - {fileID: 2044797090}
  m_Father: {fileID: 0}
  m_RootOrder: 10
  m_LocalEulerAnglesHint: {x: 0, y: 0, z: 0}
--- !u!1001 &811841389
PrefabInstance:
  m_ObjectHideFlags: 0
  serializedVersion: 2
  m_Modification:
    m_TransformParent: {fileID: 0}
    m_Modifications:
    - target: {fileID: 815658276, guid: 1104b7471479d4244b150b0632368bdd, type: 3}
      propertyPath: m_Sprite
      value: 
      objectReference: {fileID: 21300642, guid: e633823b65dbfab49b36c24dd09b6fa6,
        type: 3}
    - target: {fileID: 815658276, guid: 1104b7471479d4244b150b0632368bdd, type: 3}
      propertyPath: m_WasSpriteAssigned
      value: 1
      objectReference: {fileID: 0}
    - target: {fileID: 1217516783, guid: 1104b7471479d4244b150b0632368bdd, type: 3}
      propertyPath: m_Sprite
      value: 
      objectReference: {fileID: 21300074, guid: 73670fa5e008f1042ad52683b38618db,
        type: 3}
    - target: {fileID: 1217516783, guid: 1104b7471479d4244b150b0632368bdd, type: 3}
      propertyPath: m_Size.x
      value: 0.64
      objectReference: {fileID: 0}
    - target: {fileID: 1217516783, guid: 1104b7471479d4244b150b0632368bdd, type: 3}
      propertyPath: m_Size.y
      value: 0.65
      objectReference: {fileID: 0}
    - target: {fileID: 1217516783, guid: 1104b7471479d4244b150b0632368bdd, type: 3}
      propertyPath: m_WasSpriteAssigned
      value: 1
      objectReference: {fileID: 0}
    - target: {fileID: 1976152141, guid: 1104b7471479d4244b150b0632368bdd, type: 3}
      propertyPath: m_WasSpriteAssigned
      value: 1
      objectReference: {fileID: 0}
    - target: {fileID: 1976152141, guid: 1104b7471479d4244b150b0632368bdd, type: 3}
      propertyPath: m_Sprite
      value: 
      objectReference: {fileID: 21300142, guid: 73670fa5e008f1042ad52683b38618db,
        type: 3}
    - target: {fileID: 1537405731299291036, guid: 1104b7471479d4244b150b0632368bdd,
        type: 3}
      propertyPath: m_LocalPosition.x
      value: 0.9601602
      objectReference: {fileID: 0}
    - target: {fileID: 1537405731299291036, guid: 1104b7471479d4244b150b0632368bdd,
        type: 3}
      propertyPath: m_LocalPosition.y
      value: -0.07
      objectReference: {fileID: 0}
    - target: {fileID: 1537405731299291036, guid: 1104b7471479d4244b150b0632368bdd,
        type: 3}
      propertyPath: m_LocalPosition.z
      value: 0.40674293
      objectReference: {fileID: 0}
    - target: {fileID: 1537405731299291036, guid: 1104b7471479d4244b150b0632368bdd,
        type: 3}
      propertyPath: m_LocalRotation.x
      value: 0
      objectReference: {fileID: 0}
    - target: {fileID: 1537405731299291036, guid: 1104b7471479d4244b150b0632368bdd,
        type: 3}
      propertyPath: m_LocalRotation.y
      value: 0
      objectReference: {fileID: 0}
    - target: {fileID: 1537405731299291036, guid: 1104b7471479d4244b150b0632368bdd,
        type: 3}
      propertyPath: m_LocalRotation.z
      value: 0
      objectReference: {fileID: 0}
    - target: {fileID: 1537405731299291036, guid: 1104b7471479d4244b150b0632368bdd,
        type: 3}
      propertyPath: m_LocalRotation.w
      value: 1
      objectReference: {fileID: 0}
    - target: {fileID: 1537405731299291036, guid: 1104b7471479d4244b150b0632368bdd,
        type: 3}
      propertyPath: m_RootOrder
      value: 4
      objectReference: {fileID: 0}
    - target: {fileID: 1537405731299291036, guid: 1104b7471479d4244b150b0632368bdd,
        type: 3}
      propertyPath: m_LocalEulerAnglesHint.x
      value: 0
      objectReference: {fileID: 0}
    - target: {fileID: 1537405731299291036, guid: 1104b7471479d4244b150b0632368bdd,
        type: 3}
      propertyPath: m_LocalEulerAnglesHint.y
      value: 0
      objectReference: {fileID: 0}
    - target: {fileID: 1537405731299291036, guid: 1104b7471479d4244b150b0632368bdd,
        type: 3}
      propertyPath: m_LocalEulerAnglesHint.z
      value: 0
      objectReference: {fileID: 0}
    - target: {fileID: 3344537713295341044, guid: 1104b7471479d4244b150b0632368bdd,
        type: 3}
      propertyPath: m_Name
      value: PlayerCharacter
      objectReference: {fileID: 0}
    m_RemovedComponents: []
  m_SourcePrefab: {fileID: 100100000, guid: 1104b7471479d4244b150b0632368bdd, type: 3}
--- !u!1001 &843838469
PrefabInstance:
  m_ObjectHideFlags: 0
  serializedVersion: 2
  m_Modification:
    m_TransformParent: {fileID: 0}
    m_Modifications:
    - target: {fileID: 1536988414935306473, guid: ea3608e26b5a01d418309729d68d076e,
        type: 3}
      propertyPath: mRigidBody
      value: 
      objectReference: {fileID: 547628059}
    - target: {fileID: 1536988414935306473, guid: ea3608e26b5a01d418309729d68d076e,
        type: 3}
      propertyPath: pickableType
      value: 1
      objectReference: {fileID: 0}
    - target: {fileID: 1536988414935306473, guid: ea3608e26b5a01d418309729d68d076e,
        type: 3}
      propertyPath: dragonToothFilter.m_Bits
      value: 512
      objectReference: {fileID: 0}
    - target: {fileID: 1536988414935306473, guid: ea3608e26b5a01d418309729d68d076e,
        type: 3}
      propertyPath: boxCastCollider
      value: 
      objectReference: {fileID: 1286485399}
    - target: {fileID: 2723075979517110765, guid: ea3608e26b5a01d418309729d68d076e,
        type: 3}
      propertyPath: m_Layer
      value: 0
      objectReference: {fileID: 0}
    - target: {fileID: 2723075980071572545, guid: ea3608e26b5a01d418309729d68d076e,
        type: 3}
      propertyPath: m_Name
      value: TOOL_HAMMER
      objectReference: {fileID: 0}
    - target: {fileID: 2723075980071572557, guid: ea3608e26b5a01d418309729d68d076e,
        type: 3}
      propertyPath: m_LocalPosition.x
      value: -1.6680453
      objectReference: {fileID: 0}
    - target: {fileID: 2723075980071572557, guid: ea3608e26b5a01d418309729d68d076e,
        type: 3}
      propertyPath: m_LocalPosition.y
      value: 0.95
      objectReference: {fileID: 0}
    - target: {fileID: 2723075980071572557, guid: ea3608e26b5a01d418309729d68d076e,
        type: 3}
      propertyPath: m_LocalPosition.z
      value: -3.245981
      objectReference: {fileID: 0}
    - target: {fileID: 2723075980071572557, guid: ea3608e26b5a01d418309729d68d076e,
        type: 3}
      propertyPath: m_LocalRotation.x
      value: 0
      objectReference: {fileID: 0}
    - target: {fileID: 2723075980071572557, guid: ea3608e26b5a01d418309729d68d076e,
        type: 3}
      propertyPath: m_LocalRotation.y
      value: 0
      objectReference: {fileID: 0}
    - target: {fileID: 2723075980071572557, guid: ea3608e26b5a01d418309729d68d076e,
        type: 3}
      propertyPath: m_LocalRotation.z
      value: 0
      objectReference: {fileID: 0}
    - target: {fileID: 2723075980071572557, guid: ea3608e26b5a01d418309729d68d076e,
        type: 3}
      propertyPath: m_LocalRotation.w
      value: 1
      objectReference: {fileID: 0}
    - target: {fileID: 2723075980071572557, guid: ea3608e26b5a01d418309729d68d076e,
        type: 3}
      propertyPath: m_RootOrder
      value: 3
      objectReference: {fileID: 0}
    - target: {fileID: 2723075980071572557, guid: ea3608e26b5a01d418309729d68d076e,
        type: 3}
      propertyPath: m_LocalEulerAnglesHint.x
      value: 0
      objectReference: {fileID: 0}
    - target: {fileID: 2723075980071572557, guid: ea3608e26b5a01d418309729d68d076e,
        type: 3}
      propertyPath: m_LocalEulerAnglesHint.y
      value: 0
      objectReference: {fileID: 0}
    - target: {fileID: 2723075980071572557, guid: ea3608e26b5a01d418309729d68d076e,
        type: 3}
      propertyPath: m_LocalEulerAnglesHint.z
      value: 0
      objectReference: {fileID: 0}
    m_RemovedComponents: []
  m_SourcePrefab: {fileID: 100100000, guid: ea3608e26b5a01d418309729d68d076e, type: 3}
--- !u!4 &867709525 stripped
Transform:
  m_CorrespondingSourceObject: {fileID: 6972021942536072043, guid: 97368b26366c4484e8e716c3f73df46b,
    type: 3}
  m_PrefabInstance: {fileID: 6972021941690390846}
  m_PrefabAsset: {fileID: 0}
--- !u!1001 &885336927
PrefabInstance:
  m_ObjectHideFlags: 0
  serializedVersion: 2
  m_Modification:
    m_TransformParent: {fileID: 1882496495}
    m_Modifications:
    - target: {fileID: 6972021942536072043, guid: 97368b26366c4484e8e716c3f73df46b,
        type: 3}
      propertyPath: m_LocalPosition.x
      value: 6.06
      objectReference: {fileID: 0}
    - target: {fileID: 6972021942536072043, guid: 97368b26366c4484e8e716c3f73df46b,
        type: 3}
      propertyPath: m_LocalPosition.y
      value: 0
      objectReference: {fileID: 0}
    - target: {fileID: 6972021942536072043, guid: 97368b26366c4484e8e716c3f73df46b,
        type: 3}
      propertyPath: m_LocalPosition.z
      value: -0.8700001
      objectReference: {fileID: 0}
    - target: {fileID: 6972021942536072043, guid: 97368b26366c4484e8e716c3f73df46b,
        type: 3}
      propertyPath: m_LocalRotation.x
      value: -0
      objectReference: {fileID: 0}
    - target: {fileID: 6972021942536072043, guid: 97368b26366c4484e8e716c3f73df46b,
        type: 3}
      propertyPath: m_LocalRotation.y
      value: -0
      objectReference: {fileID: 0}
    - target: {fileID: 6972021942536072043, guid: 97368b26366c4484e8e716c3f73df46b,
        type: 3}
      propertyPath: m_LocalRotation.z
      value: -0
      objectReference: {fileID: 0}
    - target: {fileID: 6972021942536072043, guid: 97368b26366c4484e8e716c3f73df46b,
        type: 3}
      propertyPath: m_LocalRotation.w
      value: 1
      objectReference: {fileID: 0}
    - target: {fileID: 6972021942536072043, guid: 97368b26366c4484e8e716c3f73df46b,
        type: 3}
      propertyPath: m_RootOrder
      value: 0
      objectReference: {fileID: 0}
    - target: {fileID: 6972021942536072043, guid: 97368b26366c4484e8e716c3f73df46b,
        type: 3}
      propertyPath: m_LocalEulerAnglesHint.x
      value: 0
      objectReference: {fileID: 0}
    - target: {fileID: 6972021942536072043, guid: 97368b26366c4484e8e716c3f73df46b,
        type: 3}
      propertyPath: m_LocalEulerAnglesHint.y
      value: 0
      objectReference: {fileID: 0}
    - target: {fileID: 6972021942536072043, guid: 97368b26366c4484e8e716c3f73df46b,
        type: 3}
      propertyPath: m_LocalEulerAnglesHint.z
      value: 0
      objectReference: {fileID: 0}
    - target: {fileID: 6972021942536072044, guid: 97368b26366c4484e8e716c3f73df46b,
        type: 3}
      propertyPath: m_Name
      value: DRAGON TOOTH (6)
      objectReference: {fileID: 0}
    m_RemovedComponents: []
  m_SourcePrefab: {fileID: 100100000, guid: 97368b26366c4484e8e716c3f73df46b, type: 3}
--- !u!4 &959711596 stripped
Transform:
  m_CorrespondingSourceObject: {fileID: 6972021942536072043, guid: 97368b26366c4484e8e716c3f73df46b,
    type: 3}
  m_PrefabInstance: {fileID: 1412751564}
  m_PrefabAsset: {fileID: 0}
--- !u!1 &963194225
GameObject:
  m_ObjectHideFlags: 0
  m_CorrespondingSourceObject: {fileID: 0}
  m_PrefabInstance: {fileID: 0}
  m_PrefabAsset: {fileID: 0}
  serializedVersion: 6
  m_Component:
  - component: {fileID: 963194228}
  - component: {fileID: 963194227}
  - component: {fileID: 963194226}
  - component: {fileID: 963194229}
  m_Layer: 0
  m_Name: Main Camera
  m_TagString: MainCamera
  m_Icon: {fileID: 0}
  m_NavMeshLayer: 0
  m_StaticEditorFlags: 0
  m_IsActive: 1
--- !u!81 &963194226
AudioListener:
  m_ObjectHideFlags: 0
  m_CorrespondingSourceObject: {fileID: 0}
  m_PrefabInstance: {fileID: 0}
  m_PrefabAsset: {fileID: 0}
  m_GameObject: {fileID: 963194225}
  m_Enabled: 1
--- !u!20 &963194227
Camera:
  m_ObjectHideFlags: 0
  m_CorrespondingSourceObject: {fileID: 0}
  m_PrefabInstance: {fileID: 0}
  m_PrefabAsset: {fileID: 0}
  m_GameObject: {fileID: 963194225}
  m_Enabled: 1
  serializedVersion: 2
  m_ClearFlags: 1
  m_BackGroundColor: {r: 0.19215687, g: 0.3019608, b: 0.4745098, a: 0}
  m_projectionMatrixMode: 1
  m_SensorSize: {x: 36, y: 24}
  m_LensShift: {x: 0, y: 0}
  m_GateFitMode: 2
  m_FocalLength: 50
  m_NormalizedViewPortRect:
    serializedVersion: 2
    x: 0
    y: 0
    width: 1
    height: 1
  near clip plane: 0.1
  far clip plane: 5000
  field of view: 7.334
  orthographic: 0
  orthographic size: 5
  m_Depth: -1
  m_CullingMask:
    serializedVersion: 2
    m_Bits: 4294967295
  m_RenderingPath: -1
  m_TargetTexture: {fileID: 0}
  m_TargetDisplay: 0
  m_TargetEye: 3
  m_HDR: 1
  m_AllowMSAA: 1
  m_AllowDynamicResolution: 0
  m_ForceIntoRT: 0
  m_OcclusionCulling: 1
  m_StereoConvergence: 10
  m_StereoSeparation: 0.022
--- !u!4 &963194228
Transform:
  m_ObjectHideFlags: 0
  m_CorrespondingSourceObject: {fileID: 0}
  m_PrefabInstance: {fileID: 0}
  m_PrefabAsset: {fileID: 0}
  m_GameObject: {fileID: 963194225}
  m_LocalRotation: {x: 0.30144984, y: 0.6552592, z: -0.27305624, w: 0.63655615}
  m_LocalPosition: {x: -48.06048, y: 54.36764, z: 3.480831}
  m_LocalScale: {x: 1, y: 1, z: 1}
  m_Children: []
  m_Father: {fileID: 0}
  m_RootOrder: 0
  m_LocalEulerAnglesHint: {x: 0, y: 0, z: 0}
--- !u!114 &963194229
MonoBehaviour:
  m_ObjectHideFlags: 0
  m_CorrespondingSourceObject: {fileID: 0}
  m_PrefabInstance: {fileID: 0}
  m_PrefabAsset: {fileID: 0}
  m_GameObject: {fileID: 963194225}
  m_Enabled: 1
  m_EditorHideFlags: 0
  m_Script: {fileID: 11500000, guid: 72ece51f2901e7445ab60da3685d6b5f, type: 3}
  m_Name: 
  m_EditorClassIdentifier: 
  m_ShowDebugText: 0
  m_ShowCameraFrustum: 1
  m_IgnoreTimeScale: 0
  m_WorldUpOverride: {fileID: 0}
  m_UpdateMethod: 2
  m_BlendUpdateMethod: 1
  m_DefaultBlend:
    m_Style: 1
    m_Time: 2
    m_CustomCurve:
      serializedVersion: 2
      m_Curve: []
      m_PreInfinity: 2
      m_PostInfinity: 2
      m_RotationOrder: 4
  m_CustomBlends: {fileID: 0}
  m_CameraCutEvent:
    m_PersistentCalls:
      m_Calls: []
  m_CameraActivatedEvent:
    m_PersistentCalls:
      m_Calls: []
--- !u!1 &981307851
GameObject:
  m_ObjectHideFlags: 0
  m_CorrespondingSourceObject: {fileID: 0}
  m_PrefabInstance: {fileID: 0}
  m_PrefabAsset: {fileID: 0}
  serializedVersion: 6
  m_Component:
  - component: {fileID: 981307852}
  m_Layer: 0
  m_Name: Camera_dummy_01 (1)
  m_TagString: Untagged
  m_Icon: {fileID: 0}
  m_NavMeshLayer: 0
  m_StaticEditorFlags: 0
  m_IsActive: 1
--- !u!4 &981307852
Transform:
  m_ObjectHideFlags: 0
  m_CorrespondingSourceObject: {fileID: 0}
  m_PrefabInstance: {fileID: 0}
  m_PrefabAsset: {fileID: 0}
  m_GameObject: {fileID: 981307851}
  m_LocalRotation: {x: -0.30145296, y: -0.65525746, z: -0.27305838, w: 0.6365555}
  m_LocalPosition: {x: -48.060482, y: 54.36764, z: 3.4808311}
  m_LocalScale: {x: 1, y: 1, z: 1}
  m_Children: []
  m_Father: {fileID: 0}
  m_RootOrder: 15
  m_LocalEulerAnglesHint: {x: 0, y: 0, z: 0}
--- !u!1 &1103233017
GameObject:
  m_ObjectHideFlags: 0
  m_CorrespondingSourceObject: {fileID: 0}
  m_PrefabInstance: {fileID: 0}
  m_PrefabAsset: {fileID: 0}
  serializedVersion: 6
  m_Component:
  - component: {fileID: 1103233021}
  - component: {fileID: 1103233020}
  - component: {fileID: 1103233019}
  - component: {fileID: 1103233018}
  m_Layer: 0
  m_Name: Plane
  m_TagString: Untagged
  m_Icon: {fileID: 0}
  m_NavMeshLayer: 0
  m_StaticEditorFlags: 0
  m_IsActive: 0
--- !u!64 &1103233018
MeshCollider:
  m_ObjectHideFlags: 0
  m_CorrespondingSourceObject: {fileID: 0}
  m_PrefabInstance: {fileID: 0}
  m_PrefabAsset: {fileID: 0}
  m_GameObject: {fileID: 1103233017}
  m_Material: {fileID: 0}
  m_IsTrigger: 0
  m_Enabled: 1
  serializedVersion: 3
  m_Convex: 0
  m_CookingOptions: 14
  m_Mesh: {fileID: 10209, guid: 0000000000000000e000000000000000, type: 0}
--- !u!23 &1103233019
MeshRenderer:
  m_ObjectHideFlags: 0
  m_CorrespondingSourceObject: {fileID: 0}
  m_PrefabInstance: {fileID: 0}
  m_PrefabAsset: {fileID: 0}
  m_GameObject: {fileID: 1103233017}
  m_Enabled: 1
  m_CastShadows: 1
  m_ReceiveShadows: 1
  m_DynamicOccludee: 1
  m_MotionVectors: 1
  m_LightProbeUsage: 1
  m_ReflectionProbeUsage: 1
  m_RenderingLayerMask: 1
  m_RendererPriority: 0
  m_Materials:
  - {fileID: 2100000, guid: 7f8a7a766552c394398785a57e5b4ec6, type: 2}
  m_StaticBatchInfo:
    firstSubMesh: 0
    subMeshCount: 0
  m_StaticBatchRoot: {fileID: 0}
  m_ProbeAnchor: {fileID: 0}
  m_LightProbeVolumeOverride: {fileID: 0}
  m_ScaleInLightmap: 1
  m_PreserveUVs: 0
  m_IgnoreNormalsForChartDetection: 0
  m_ImportantGI: 0
  m_StitchLightmapSeams: 1
  m_SelectedEditorRenderState: 3
  m_MinimumChartSize: 4
  m_AutoUVMaxDistance: 0.5
  m_AutoUVMaxAngle: 89
  m_LightmapParameters: {fileID: 0}
  m_SortingLayerID: 0
  m_SortingLayer: 0
  m_SortingOrder: 0
--- !u!33 &1103233020
MeshFilter:
  m_ObjectHideFlags: 0
  m_CorrespondingSourceObject: {fileID: 0}
  m_PrefabInstance: {fileID: 0}
  m_PrefabAsset: {fileID: 0}
  m_GameObject: {fileID: 1103233017}
  m_Mesh: {fileID: 10209, guid: 0000000000000000e000000000000000, type: 0}
--- !u!4 &1103233021
Transform:
  m_ObjectHideFlags: 0
  m_CorrespondingSourceObject: {fileID: 0}
  m_PrefabInstance: {fileID: 0}
  m_PrefabAsset: {fileID: 0}
  m_GameObject: {fileID: 1103233017}
  m_LocalRotation: {x: 0, y: 0, z: 0, w: 1}
  m_LocalPosition: {x: 0.98392844, y: -0.08, z: 0.6911044}
  m_LocalScale: {x: 15, y: 1, z: 15}
  m_Children: []
  m_Father: {fileID: 0}
  m_RootOrder: 7
  m_LocalEulerAnglesHint: {x: 0, y: 0, z: 0}
--- !u!4 &1282301507 stripped
Transform:
  m_CorrespondingSourceObject: {fileID: 6972021942536072043, guid: 97368b26366c4484e8e716c3f73df46b,
    type: 3}
  m_PrefabInstance: {fileID: 1402011741}
  m_PrefabAsset: {fileID: 0}
--- !u!1 &1286485398 stripped
GameObject:
  m_CorrespondingSourceObject: {fileID: 2723075979517110765, guid: ea3608e26b5a01d418309729d68d076e,
    type: 3}
  m_PrefabInstance: {fileID: 843838469}
  m_PrefabAsset: {fileID: 0}
--- !u!65 &1286485399
BoxCollider:
  m_ObjectHideFlags: 0
  m_CorrespondingSourceObject: {fileID: 0}
  m_PrefabInstance: {fileID: 0}
  m_PrefabAsset: {fileID: 0}
  m_GameObject: {fileID: 1286485398}
  m_Material: {fileID: 0}
  m_IsTrigger: 1
  m_Enabled: 1
  serializedVersion: 2
  m_Size: {x: 1, y: 1, z: 2}
  m_Center: {x: 0, y: 0, z: 1}
--- !u!1001 &1339744649
PrefabInstance:
  m_ObjectHideFlags: 0
  serializedVersion: 2
  m_Modification:
    m_TransformParent: {fileID: 0}
    m_Modifications:
    - target: {fileID: 430236495948268450, guid: b0ff4a4afa138dd4c9e875647c8a6a3f,
        type: 3}
      propertyPath: m_Name
      value: ITEM_BURN_FX2
      objectReference: {fileID: 0}
    - target: {fileID: 1953702006403099488, guid: b0ff4a4afa138dd4c9e875647c8a6a3f,
        type: 3}
      propertyPath: m_LocalPosition.x
      value: 5.627898
      objectReference: {fileID: 0}
    - target: {fileID: 1953702006403099488, guid: b0ff4a4afa138dd4c9e875647c8a6a3f,
        type: 3}
      propertyPath: m_LocalPosition.y
      value: 2.56
      objectReference: {fileID: 0}
    - target: {fileID: 1953702006403099488, guid: b0ff4a4afa138dd4c9e875647c8a6a3f,
        type: 3}
      propertyPath: m_LocalPosition.z
      value: -2.66
      objectReference: {fileID: 0}
    - target: {fileID: 1953702006403099488, guid: b0ff4a4afa138dd4c9e875647c8a6a3f,
        type: 3}
      propertyPath: m_LocalRotation.x
      value: 0
      objectReference: {fileID: 0}
    - target: {fileID: 1953702006403099488, guid: b0ff4a4afa138dd4c9e875647c8a6a3f,
        type: 3}
      propertyPath: m_LocalRotation.y
      value: 0
      objectReference: {fileID: 0}
    - target: {fileID: 1953702006403099488, guid: b0ff4a4afa138dd4c9e875647c8a6a3f,
        type: 3}
      propertyPath: m_LocalRotation.z
      value: 0
      objectReference: {fileID: 0}
    - target: {fileID: 1953702006403099488, guid: b0ff4a4afa138dd4c9e875647c8a6a3f,
        type: 3}
      propertyPath: m_LocalRotation.w
      value: 1
      objectReference: {fileID: 0}
    - target: {fileID: 1953702006403099488, guid: b0ff4a4afa138dd4c9e875647c8a6a3f,
        type: 3}
      propertyPath: m_RootOrder
      value: 1
      objectReference: {fileID: 0}
    - target: {fileID: 1953702006403099488, guid: b0ff4a4afa138dd4c9e875647c8a6a3f,
        type: 3}
      propertyPath: m_LocalEulerAnglesHint.x
      value: 0
      objectReference: {fileID: 0}
    - target: {fileID: 1953702006403099488, guid: b0ff4a4afa138dd4c9e875647c8a6a3f,
        type: 3}
      propertyPath: m_LocalEulerAnglesHint.y
      value: 0
      objectReference: {fileID: 0}
    - target: {fileID: 1953702006403099488, guid: b0ff4a4afa138dd4c9e875647c8a6a3f,
        type: 3}
      propertyPath: m_LocalEulerAnglesHint.z
      value: 0
      objectReference: {fileID: 0}
    - target: {fileID: 3314884323087928915, guid: b0ff4a4afa138dd4c9e875647c8a6a3f,
        type: 3}
      propertyPath: SizeModule.curve.maxCurve.m_Curve.Array.size
      value: 3
      objectReference: {fileID: 0}
    - target: {fileID: 3314884323087928915, guid: b0ff4a4afa138dd4c9e875647c8a6a3f,
        type: 3}
      propertyPath: InitialModule.startRotation.minScalar
      value: 0
      objectReference: {fileID: 0}
    - target: {fileID: 3314884323087928915, guid: b0ff4a4afa138dd4c9e875647c8a6a3f,
        type: 3}
      propertyPath: InitialModule.startRotation.scalar
      value: 0
      objectReference: {fileID: 0}
    - target: {fileID: 3314884323087928915, guid: b0ff4a4afa138dd4c9e875647c8a6a3f,
        type: 3}
      propertyPath: ShapeModule.enabled
      value: 1
      objectReference: {fileID: 0}
    - target: {fileID: 3314884323087928915, guid: b0ff4a4afa138dd4c9e875647c8a6a3f,
        type: 3}
      propertyPath: InitialModule.startLifetime.minScalar
      value: 2
      objectReference: {fileID: 0}
    - target: {fileID: 3314884323087928915, guid: b0ff4a4afa138dd4c9e875647c8a6a3f,
        type: 3}
      propertyPath: InitialModule.startSpeed.minScalar
      value: 0
      objectReference: {fileID: 0}
    - target: {fileID: 3314884323087928915, guid: b0ff4a4afa138dd4c9e875647c8a6a3f,
        type: 3}
      propertyPath: EmissionModule.rateOverTime.scalar
      value: 10
      objectReference: {fileID: 0}
    - target: {fileID: 3314884323087928915, guid: b0ff4a4afa138dd4c9e875647c8a6a3f,
        type: 3}
      propertyPath: InitialModule.size3D
      value: 1
      objectReference: {fileID: 0}
    - target: {fileID: 3314884323087928915, guid: b0ff4a4afa138dd4c9e875647c8a6a3f,
        type: 3}
      propertyPath: InitialModule.startSize.scalar
      value: 1
      objectReference: {fileID: 0}
    - target: {fileID: 3314884323087928915, guid: b0ff4a4afa138dd4c9e875647c8a6a3f,
        type: 3}
      propertyPath: InitialModule.startSize.minMaxState
      value: 3
      objectReference: {fileID: 0}
    - target: {fileID: 3314884323087928915, guid: b0ff4a4afa138dd4c9e875647c8a6a3f,
        type: 3}
      propertyPath: InitialModule.startSizeY.minMaxState
      value: 3
      objectReference: {fileID: 0}
    - target: {fileID: 3314884323087928915, guid: b0ff4a4afa138dd4c9e875647c8a6a3f,
        type: 3}
      propertyPath: InitialModule.startSizeZ.minMaxState
      value: 3
      objectReference: {fileID: 0}
    - target: {fileID: 3314884323087928915, guid: b0ff4a4afa138dd4c9e875647c8a6a3f,
        type: 3}
      propertyPath: InitialModule.startSizeY.scalar
      value: 2
      objectReference: {fileID: 0}
    - target: {fileID: 3314884323087928915, guid: b0ff4a4afa138dd4c9e875647c8a6a3f,
        type: 3}
      propertyPath: ShapeModule.type
      value: 10
      objectReference: {fileID: 0}
    - target: {fileID: 3314884323087928915, guid: b0ff4a4afa138dd4c9e875647c8a6a3f,
        type: 3}
      propertyPath: VelocityModule.radial.minMaxState
      value: 0
      objectReference: {fileID: 0}
    - target: {fileID: 3314884323087928915, guid: b0ff4a4afa138dd4c9e875647c8a6a3f,
        type: 3}
      propertyPath: VelocityModule.radial.scalar
      value: 0
      objectReference: {fileID: 0}
    - target: {fileID: 3314884323087928915, guid: b0ff4a4afa138dd4c9e875647c8a6a3f,
        type: 3}
      propertyPath: ShapeModule.radius.value
      value: 0.3
      objectReference: {fileID: 0}
    - target: {fileID: 3314884323087928915, guid: b0ff4a4afa138dd4c9e875647c8a6a3f,
        type: 3}
      propertyPath: InitialModule.gravityModifier.scalar
      value: -0.1
      objectReference: {fileID: 0}
    - target: {fileID: 3314884323087928915, guid: b0ff4a4afa138dd4c9e875647c8a6a3f,
        type: 3}
      propertyPath: VelocityModule.z.scalar
      value: 0
      objectReference: {fileID: 0}
    - target: {fileID: 3314884323087928915, guid: b0ff4a4afa138dd4c9e875647c8a6a3f,
        type: 3}
      propertyPath: InitialModule.startLifetime.scalar
      value: 2
      objectReference: {fileID: 0}
    - target: {fileID: 3314884323087928915, guid: b0ff4a4afa138dd4c9e875647c8a6a3f,
        type: 3}
      propertyPath: UVModule.frameOverTime.maxCurve.m_Curve.Array.data[0].inSlope
      value: 0
      objectReference: {fileID: 0}
    - target: {fileID: 3314884323087928915, guid: b0ff4a4afa138dd4c9e875647c8a6a3f,
        type: 3}
      propertyPath: UVModule.frameOverTime.maxCurve.m_Curve.Array.data[0].outSlope
      value: 0
      objectReference: {fileID: 0}
    - target: {fileID: 3314884323087928915, guid: b0ff4a4afa138dd4c9e875647c8a6a3f,
        type: 3}
      propertyPath: UVModule.frameOverTime.maxCurve.m_Curve.Array.data[1].inSlope
      value: 2
      objectReference: {fileID: 0}
    - target: {fileID: 3314884323087928915, guid: b0ff4a4afa138dd4c9e875647c8a6a3f,
        type: 3}
      propertyPath: UVModule.frameOverTime.maxCurve.m_Curve.Array.data[1].outSlope
      value: 2
      objectReference: {fileID: 0}
    - target: {fileID: 3314884323087928915, guid: b0ff4a4afa138dd4c9e875647c8a6a3f,
        type: 3}
      propertyPath: UVModule.frameOverTime.maxCurve.m_Curve.Array.data[0].tangentMode
      value: 0
      objectReference: {fileID: 0}
    - target: {fileID: 3314884323087928915, guid: b0ff4a4afa138dd4c9e875647c8a6a3f,
        type: 3}
      propertyPath: UVModule.frameOverTime.maxCurve.m_Curve.Array.data[1].tangentMode
      value: 0
      objectReference: {fileID: 0}
    - target: {fileID: 3314884323087928915, guid: b0ff4a4afa138dd4c9e875647c8a6a3f,
        type: 3}
      propertyPath: InitialModule.gravityModifier.minMaxState
      value: 3
      objectReference: {fileID: 0}
    - target: {fileID: 3314884323087928915, guid: b0ff4a4afa138dd4c9e875647c8a6a3f,
        type: 3}
      propertyPath: InitialModule.gravityModifier.minScalar
      value: -0.05
      objectReference: {fileID: 0}
    - target: {fileID: 3314884323087928915, guid: b0ff4a4afa138dd4c9e875647c8a6a3f,
        type: 3}
      propertyPath: InitialModule.startSize.minScalar
      value: 1
      objectReference: {fileID: 0}
    - target: {fileID: 3314884323087928915, guid: b0ff4a4afa138dd4c9e875647c8a6a3f,
        type: 3}
      propertyPath: InitialModule.startSizeY.minScalar
      value: 1.5
      objectReference: {fileID: 0}
    - target: {fileID: 3314884323087928915, guid: b0ff4a4afa138dd4c9e875647c8a6a3f,
        type: 3}
      propertyPath: ColorModule.gradient.maxGradient.atime1
      value: 17540
      objectReference: {fileID: 0}
    - target: {fileID: 3314884323087928915, guid: b0ff4a4afa138dd4c9e875647c8a6a3f,
        type: 3}
      propertyPath: ColorModule.gradient.maxGradient.key0.a
      value: 0.6039216
      objectReference: {fileID: 0}
    - target: {fileID: 3314884323087928915, guid: b0ff4a4afa138dd4c9e875647c8a6a3f,
        type: 3}
      propertyPath: ColorModule.gradient.maxGradient.key1.a
      value: 0.34117648
      objectReference: {fileID: 0}
    - target: {fileID: 3314884323087928915, guid: b0ff4a4afa138dd4c9e875647c8a6a3f,
        type: 3}
      propertyPath: SizeModule.enabled
      value: 1
      objectReference: {fileID: 0}
    - target: {fileID: 3314884323087928915, guid: b0ff4a4afa138dd4c9e875647c8a6a3f,
        type: 3}
      propertyPath: SizeModule.curve.maxCurve.m_Curve.Array.data[0].value
      value: 0.78731346
      objectReference: {fileID: 0}
    - target: {fileID: 3314884323087928915, guid: b0ff4a4afa138dd4c9e875647c8a6a3f,
        type: 3}
      propertyPath: SizeModule.curve.maxCurve.m_Curve.Array.data[1].time
      value: 0.4936326
      objectReference: {fileID: 0}
    - target: {fileID: 3314884323087928915, guid: b0ff4a4afa138dd4c9e875647c8a6a3f,
        type: 3}
      propertyPath: SizeModule.curve.maxCurve.m_Curve.Array.data[1].value
      value: 0.9954512
      objectReference: {fileID: 0}
    - target: {fileID: 3314884323087928915, guid: b0ff4a4afa138dd4c9e875647c8a6a3f,
        type: 3}
      propertyPath: SizeModule.curve.maxCurve.m_Curve.Array.data[1].inSlope
      value: 0
      objectReference: {fileID: 0}
    - target: {fileID: 3314884323087928915, guid: b0ff4a4afa138dd4c9e875647c8a6a3f,
        type: 3}
      propertyPath: SizeModule.curve.maxCurve.m_Curve.Array.data[1].outSlope
      value: 0
      objectReference: {fileID: 0}
    - target: {fileID: 3314884323087928915, guid: b0ff4a4afa138dd4c9e875647c8a6a3f,
        type: 3}
      propertyPath: SizeModule.curve.maxCurve.m_Curve.Array.data[1].inWeight
      value: 0.33333334
      objectReference: {fileID: 0}
    - target: {fileID: 3314884323087928915, guid: b0ff4a4afa138dd4c9e875647c8a6a3f,
        type: 3}
      propertyPath: SizeModule.curve.maxCurve.m_Curve.Array.data[1].outWeight
      value: 0.33333334
      objectReference: {fileID: 0}
    - target: {fileID: 3314884323087928915, guid: b0ff4a4afa138dd4c9e875647c8a6a3f,
        type: 3}
      propertyPath: SizeModule.curve.maxCurve.m_Curve.Array.data[2].time
      value: 1
      objectReference: {fileID: 0}
    - target: {fileID: 3314884323087928915, guid: b0ff4a4afa138dd4c9e875647c8a6a3f,
        type: 3}
      propertyPath: SizeModule.curve.maxCurve.m_Curve.Array.data[0].inSlope
      value: 0
      objectReference: {fileID: 0}
    - target: {fileID: 3314884323087928915, guid: b0ff4a4afa138dd4c9e875647c8a6a3f,
        type: 3}
      propertyPath: SizeModule.curve.maxCurve.m_Curve.Array.data[0].outSlope
      value: 0
      objectReference: {fileID: 0}
    - target: {fileID: 3314884323087928915, guid: b0ff4a4afa138dd4c9e875647c8a6a3f,
        type: 3}
      propertyPath: SizeModule.curve.maxCurve.m_Curve.Array.data[0].outWeight
      value: 0.3055439
      objectReference: {fileID: 0}
    - target: {fileID: 3314884323087928915, guid: b0ff4a4afa138dd4c9e875647c8a6a3f,
        type: 3}
      propertyPath: ShapeModule.radiusThickness
      value: 1.0000
      objectReference: {fileID: 0}
    - target: {fileID: 3381809114003080310, guid: b0ff4a4afa138dd4c9e875647c8a6a3f,
        type: 3}
      propertyPath: m_Materials.Array.data[0]
      value: 
      objectReference: {fileID: 2100000, guid: e8b15692a17e9ba478ab1d84354330b4, type: 2}
    - target: {fileID: 3381809114003080310, guid: b0ff4a4afa138dd4c9e875647c8a6a3f,
        type: 3}
      propertyPath: m_Flip.y
      value: 0
      objectReference: {fileID: 0}
    - target: {fileID: 3381809114003080310, guid: b0ff4a4afa138dd4c9e875647c8a6a3f,
        type: 3}
      propertyPath: m_SortMode
      value: 3
      objectReference: {fileID: 0}
    m_RemovedComponents: []
  m_SourcePrefab: {fileID: 100100000, guid: b0ff4a4afa138dd4c9e875647c8a6a3f, type: 3}
--- !u!1001 &1402011741
PrefabInstance:
  m_ObjectHideFlags: 0
  serializedVersion: 2
  m_Modification:
    m_TransformParent: {fileID: 1882496495}
    m_Modifications:
    - target: {fileID: 6972021942536072043, guid: 97368b26366c4484e8e716c3f73df46b,
        type: 3}
      propertyPath: m_LocalPosition.x
      value: 4.31
      objectReference: {fileID: 0}
    - target: {fileID: 6972021942536072043, guid: 97368b26366c4484e8e716c3f73df46b,
        type: 3}
      propertyPath: m_LocalPosition.y
      value: 0
      objectReference: {fileID: 0}
    - target: {fileID: 6972021942536072043, guid: 97368b26366c4484e8e716c3f73df46b,
        type: 3}
      propertyPath: m_LocalPosition.z
      value: -2.6200004
      objectReference: {fileID: 0}
    - target: {fileID: 6972021942536072043, guid: 97368b26366c4484e8e716c3f73df46b,
        type: 3}
      propertyPath: m_LocalRotation.x
      value: -0
      objectReference: {fileID: 0}
    - target: {fileID: 6972021942536072043, guid: 97368b26366c4484e8e716c3f73df46b,
        type: 3}
      propertyPath: m_LocalRotation.y
      value: -0
      objectReference: {fileID: 0}
    - target: {fileID: 6972021942536072043, guid: 97368b26366c4484e8e716c3f73df46b,
        type: 3}
      propertyPath: m_LocalRotation.z
      value: -0
      objectReference: {fileID: 0}
    - target: {fileID: 6972021942536072043, guid: 97368b26366c4484e8e716c3f73df46b,
        type: 3}
      propertyPath: m_LocalRotation.w
      value: 1
      objectReference: {fileID: 0}
    - target: {fileID: 6972021942536072043, guid: 97368b26366c4484e8e716c3f73df46b,
        type: 3}
      propertyPath: m_RootOrder
      value: 1
      objectReference: {fileID: 0}
    - target: {fileID: 6972021942536072043, guid: 97368b26366c4484e8e716c3f73df46b,
        type: 3}
      propertyPath: m_LocalEulerAnglesHint.x
      value: 0
      objectReference: {fileID: 0}
    - target: {fileID: 6972021942536072043, guid: 97368b26366c4484e8e716c3f73df46b,
        type: 3}
      propertyPath: m_LocalEulerAnglesHint.y
      value: 0
      objectReference: {fileID: 0}
    - target: {fileID: 6972021942536072043, guid: 97368b26366c4484e8e716c3f73df46b,
        type: 3}
      propertyPath: m_LocalEulerAnglesHint.z
      value: 0
      objectReference: {fileID: 0}
    - target: {fileID: 6972021942536072044, guid: 97368b26366c4484e8e716c3f73df46b,
        type: 3}
      propertyPath: m_Name
      value: DRAGON TOOTH (5)
      objectReference: {fileID: 0}
    m_RemovedComponents: []
  m_SourcePrefab: {fileID: 100100000, guid: 97368b26366c4484e8e716c3f73df46b, type: 3}
--- !u!1001 &1412751564
PrefabInstance:
  m_ObjectHideFlags: 0
  serializedVersion: 2
  m_Modification:
    m_TransformParent: {fileID: 1882496495}
    m_Modifications:
    - target: {fileID: 6972021942536072043, guid: 97368b26366c4484e8e716c3f73df46b,
        type: 3}
      propertyPath: m_LocalPosition.x
      value: 4.31
      objectReference: {fileID: 0}
    - target: {fileID: 6972021942536072043, guid: 97368b26366c4484e8e716c3f73df46b,
        type: 3}
      propertyPath: m_LocalPosition.y
      value: 0
      objectReference: {fileID: 0}
    - target: {fileID: 6972021942536072043, guid: 97368b26366c4484e8e716c3f73df46b,
        type: 3}
      propertyPath: m_LocalPosition.z
      value: -2.6200004
      objectReference: {fileID: 0}
    - target: {fileID: 6972021942536072043, guid: 97368b26366c4484e8e716c3f73df46b,
        type: 3}
      propertyPath: m_LocalRotation.x
      value: -0
      objectReference: {fileID: 0}
    - target: {fileID: 6972021942536072043, guid: 97368b26366c4484e8e716c3f73df46b,
        type: 3}
      propertyPath: m_LocalRotation.y
      value: -0
      objectReference: {fileID: 0}
    - target: {fileID: 6972021942536072043, guid: 97368b26366c4484e8e716c3f73df46b,
        type: 3}
      propertyPath: m_LocalRotation.z
      value: -0
      objectReference: {fileID: 0}
    - target: {fileID: 6972021942536072043, guid: 97368b26366c4484e8e716c3f73df46b,
        type: 3}
      propertyPath: m_LocalRotation.w
      value: 1
      objectReference: {fileID: 0}
    - target: {fileID: 6972021942536072043, guid: 97368b26366c4484e8e716c3f73df46b,
        type: 3}
      propertyPath: m_RootOrder
      value: 2
      objectReference: {fileID: 0}
    - target: {fileID: 6972021942536072043, guid: 97368b26366c4484e8e716c3f73df46b,
        type: 3}
      propertyPath: m_LocalEulerAnglesHint.x
      value: 0
      objectReference: {fileID: 0}
    - target: {fileID: 6972021942536072043, guid: 97368b26366c4484e8e716c3f73df46b,
        type: 3}
      propertyPath: m_LocalEulerAnglesHint.y
      value: 0
      objectReference: {fileID: 0}
    - target: {fileID: 6972021942536072043, guid: 97368b26366c4484e8e716c3f73df46b,
        type: 3}
      propertyPath: m_LocalEulerAnglesHint.z
      value: 0
      objectReference: {fileID: 0}
    - target: {fileID: 6972021942536072044, guid: 97368b26366c4484e8e716c3f73df46b,
        type: 3}
      propertyPath: m_Name
      value: DRAGON TOOTH (4)
      objectReference: {fileID: 0}
    m_RemovedComponents: []
  m_SourcePrefab: {fileID: 100100000, guid: 97368b26366c4484e8e716c3f73df46b, type: 3}
--- !u!1 &1469719552
GameObject:
  m_ObjectHideFlags: 0
  m_CorrespondingSourceObject: {fileID: 0}
  m_PrefabInstance: {fileID: 0}
  m_PrefabAsset: {fileID: 0}
  serializedVersion: 6
  m_Component:
  - component: {fileID: 1469719555}
  - component: {fileID: 1469719554}
  - component: {fileID: 1469719553}
  m_Layer: 8
  m_Name: TEST ITEM 1
  m_TagString: Untagged
  m_Icon: {fileID: 0}
  m_NavMeshLayer: 0
  m_StaticEditorFlags: 0
  m_IsActive: 1
--- !u!114 &1469719553
MonoBehaviour:
  m_ObjectHideFlags: 0
  m_CorrespondingSourceObject: {fileID: 0}
  m_PrefabInstance: {fileID: 0}
  m_PrefabAsset: {fileID: 0}
  m_GameObject: {fileID: 1469719552}
  m_Enabled: 1
  m_EditorHideFlags: 0
  m_Script: {fileID: 11500000, guid: 08ab4c6962c54b041963b0a2d06ea54b, type: 3}
  m_Name: 
  m_EditorClassIdentifier: 
--- !u!136 &1469719554
CapsuleCollider:
  m_ObjectHideFlags: 0
  m_CorrespondingSourceObject: {fileID: 0}
  m_PrefabInstance: {fileID: 0}
  m_PrefabAsset: {fileID: 0}
  m_GameObject: {fileID: 1469719552}
  m_Material: {fileID: 0}
  m_IsTrigger: 0
  m_Enabled: 1
  m_Radius: 0.5000001
  m_Height: 2
  m_Direction: 1
  m_Center: {x: 0.000000059604645, y: 0, z: -0.00000008940697}
--- !u!4 &1469719555
Transform:
  m_ObjectHideFlags: 0
  m_CorrespondingSourceObject: {fileID: 0}
  m_PrefabInstance: {fileID: 0}
  m_PrefabAsset: {fileID: 0}
  m_GameObject: {fileID: 1469719552}
  m_LocalRotation: {x: 0, y: 0, z: 0, w: 1}
  m_LocalPosition: {x: 2.6990843, y: 0.49, z: 3.29}
  m_LocalScale: {x: 1, y: 1, z: 1}
  m_Children:
  - {fileID: 2147248780}
  m_Father: {fileID: 0}
  m_RootOrder: 9
  m_LocalEulerAnglesHint: {x: 0, y: 0, z: 0}
--- !u!1 &1604825986
GameObject:
  m_ObjectHideFlags: 0
  m_CorrespondingSourceObject: {fileID: 0}
  m_PrefabInstance: {fileID: 0}
  m_PrefabAsset: {fileID: 0}
  serializedVersion: 6
  m_Component:
  - component: {fileID: 1604825989}
  - component: {fileID: 1604825988}
  - component: {fileID: 1604825987}
  m_Layer: 8
  m_Name: TEST ITEM 3
  m_TagString: Untagged
  m_Icon: {fileID: 0}
  m_NavMeshLayer: 0
  m_StaticEditorFlags: 0
  m_IsActive: 1
--- !u!114 &1604825987
MonoBehaviour:
  m_ObjectHideFlags: 0
  m_CorrespondingSourceObject: {fileID: 0}
  m_PrefabInstance: {fileID: 0}
  m_PrefabAsset: {fileID: 0}
  m_GameObject: {fileID: 1604825986}
  m_Enabled: 1
  m_EditorHideFlags: 0
  m_Script: {fileID: 11500000, guid: 08ab4c6962c54b041963b0a2d06ea54b, type: 3}
  m_Name: 
  m_EditorClassIdentifier: 
--- !u!136 &1604825988
CapsuleCollider:
  m_ObjectHideFlags: 0
  m_CorrespondingSourceObject: {fileID: 0}
  m_PrefabInstance: {fileID: 0}
  m_PrefabAsset: {fileID: 0}
  m_GameObject: {fileID: 1604825986}
  m_Material: {fileID: 0}
  m_IsTrigger: 0
  m_Enabled: 1
  m_Radius: 0.5000001
  m_Height: 2
  m_Direction: 1
  m_Center: {x: 0.000000059604645, y: 0, z: -0.00000008940697}
--- !u!4 &1604825989
Transform:
  m_ObjectHideFlags: 0
  m_CorrespondingSourceObject: {fileID: 0}
  m_PrefabInstance: {fileID: 0}
  m_PrefabAsset: {fileID: 0}
  m_GameObject: {fileID: 1604825986}
  m_LocalRotation: {x: 0, y: 0, z: 0, w: 1}
  m_LocalPosition: {x: -4.3, y: 0.49, z: 5.29}
  m_LocalScale: {x: 1, y: 1, z: 1}
  m_Children:
  - {fileID: 1610096191}
  m_Father: {fileID: 0}
  m_RootOrder: 11
  m_LocalEulerAnglesHint: {x: 0, y: 0, z: 0}
--- !u!1 &1610096190
GameObject:
  m_ObjectHideFlags: 0
  m_CorrespondingSourceObject: {fileID: 0}
  m_PrefabInstance: {fileID: 0}
  m_PrefabAsset: {fileID: 0}
  serializedVersion: 6
  m_Component:
  - component: {fileID: 1610096191}
  - component: {fileID: 1610096193}
  - component: {fileID: 1610096192}
  m_Layer: 8
  m_Name: Cylinder
  m_TagString: Untagged
  m_Icon: {fileID: 0}
  m_NavMeshLayer: 0
  m_StaticEditorFlags: 0
  m_IsActive: 1
--- !u!4 &1610096191
Transform:
  m_ObjectHideFlags: 0
  m_CorrespondingSourceObject: {fileID: 0}
  m_PrefabInstance: {fileID: 0}
  m_PrefabAsset: {fileID: 0}
  m_GameObject: {fileID: 1610096190}
  m_LocalRotation: {x: -0, y: -0, z: -0, w: 1}
  m_LocalPosition: {x: 0, y: 0, z: 0}
  m_LocalScale: {x: 1, y: 1, z: 1}
  m_Children: []
  m_Father: {fileID: 1604825989}
  m_RootOrder: 0
  m_LocalEulerAnglesHint: {x: 0, y: 0, z: 0}
--- !u!23 &1610096192
MeshRenderer:
  m_ObjectHideFlags: 0
  m_CorrespondingSourceObject: {fileID: 0}
  m_PrefabInstance: {fileID: 0}
  m_PrefabAsset: {fileID: 0}
  m_GameObject: {fileID: 1610096190}
  m_Enabled: 1
  m_CastShadows: 1
  m_ReceiveShadows: 1
  m_DynamicOccludee: 1
  m_MotionVectors: 1
  m_LightProbeUsage: 1
  m_ReflectionProbeUsage: 1
  m_RenderingLayerMask: 1
  m_RendererPriority: 0
  m_Materials:
  - {fileID: 10303, guid: 0000000000000000f000000000000000, type: 0}
  m_StaticBatchInfo:
    firstSubMesh: 0
    subMeshCount: 0
  m_StaticBatchRoot: {fileID: 0}
  m_ProbeAnchor: {fileID: 0}
  m_LightProbeVolumeOverride: {fileID: 0}
  m_ScaleInLightmap: 1
  m_PreserveUVs: 0
  m_IgnoreNormalsForChartDetection: 0
  m_ImportantGI: 0
  m_StitchLightmapSeams: 1
  m_SelectedEditorRenderState: 3
  m_MinimumChartSize: 4
  m_AutoUVMaxDistance: 0.5
  m_AutoUVMaxAngle: 89
  m_LightmapParameters: {fileID: 0}
  m_SortingLayerID: 0
  m_SortingLayer: 0
  m_SortingOrder: 0
--- !u!33 &1610096193
MeshFilter:
  m_ObjectHideFlags: 0
  m_CorrespondingSourceObject: {fileID: 0}
  m_PrefabInstance: {fileID: 0}
  m_PrefabAsset: {fileID: 0}
  m_GameObject: {fileID: 1610096190}
  m_Mesh: {fileID: 10206, guid: 0000000000000000e000000000000000, type: 0}
--- !u!4 &1712174702 stripped
Transform:
  m_CorrespondingSourceObject: {fileID: 6972021942536072043, guid: 97368b26366c4484e8e716c3f73df46b,
    type: 3}
  m_PrefabInstance: {fileID: 435183629}
  m_PrefabAsset: {fileID: 0}
--- !u!1 &1882496494
GameObject:
  m_ObjectHideFlags: 0
  m_CorrespondingSourceObject: {fileID: 0}
  m_PrefabInstance: {fileID: 0}
  m_PrefabAsset: {fileID: 0}
  serializedVersion: 6
  m_Component:
  - component: {fileID: 1882496495}
  m_Layer: 0
  m_Name: Mouth
  m_TagString: Untagged
  m_Icon: {fileID: 0}
  m_NavMeshLayer: 0
  m_StaticEditorFlags: 0
  m_IsActive: 1
--- !u!4 &1882496495
Transform:
  m_ObjectHideFlags: 0
  m_CorrespondingSourceObject: {fileID: 0}
  m_PrefabInstance: {fileID: 0}
  m_PrefabAsset: {fileID: 0}
  m_GameObject: {fileID: 1882496494}
  m_LocalRotation: {x: 0, y: 0, z: 0, w: 1}
  m_LocalPosition: {x: 1.11, y: 0, z: -3.75}
  m_LocalScale: {x: 1, y: 1, z: 1}
  m_Children:
  - {fileID: 474463459}
  - {fileID: 1282301507}
  - {fileID: 959711596}
  - {fileID: 1712174702}
  - {fileID: 274541850}
  - {fileID: 2037086987}
  - {fileID: 867709525}
  m_Father: {fileID: 0}
  m_RootOrder: 14
  m_LocalEulerAnglesHint: {x: 0, y: 0, z: 0}
--- !u!4 &2037086987 stripped
Transform:
  m_CorrespondingSourceObject: {fileID: 6972021942536072043, guid: 97368b26366c4484e8e716c3f73df46b,
    type: 3}
  m_PrefabInstance: {fileID: 290408763}
  m_PrefabAsset: {fileID: 0}
--- !u!1 &2044797089
GameObject:
  m_ObjectHideFlags: 0
  m_CorrespondingSourceObject: {fileID: 0}
  m_PrefabInstance: {fileID: 0}
  m_PrefabAsset: {fileID: 0}
  serializedVersion: 6
  m_Component:
  - component: {fileID: 2044797090}
  - component: {fileID: 2044797092}
  - component: {fileID: 2044797091}
  m_Layer: 8
  m_Name: Cylinder
  m_TagString: Untagged
  m_Icon: {fileID: 0}
  m_NavMeshLayer: 0
  m_StaticEditorFlags: 0
  m_IsActive: 1
--- !u!4 &2044797090
Transform:
  m_ObjectHideFlags: 0
  m_CorrespondingSourceObject: {fileID: 0}
  m_PrefabInstance: {fileID: 0}
  m_PrefabAsset: {fileID: 0}
  m_GameObject: {fileID: 2044797089}
  m_LocalRotation: {x: -0, y: -0, z: -0, w: 1}
  m_LocalPosition: {x: 0, y: 0, z: 0}
  m_LocalScale: {x: 1, y: 1, z: 1}
  m_Children: []
  m_Father: {fileID: 789626917}
  m_RootOrder: 0
  m_LocalEulerAnglesHint: {x: 0, y: 0, z: 0}
--- !u!23 &2044797091
MeshRenderer:
  m_ObjectHideFlags: 0
  m_CorrespondingSourceObject: {fileID: 0}
  m_PrefabInstance: {fileID: 0}
  m_PrefabAsset: {fileID: 0}
  m_GameObject: {fileID: 2044797089}
  m_Enabled: 1
  m_CastShadows: 1
  m_ReceiveShadows: 1
  m_DynamicOccludee: 1
  m_MotionVectors: 1
  m_LightProbeUsage: 1
  m_ReflectionProbeUsage: 1
  m_RenderingLayerMask: 1
  m_RendererPriority: 0
  m_Materials:
  - {fileID: 10303, guid: 0000000000000000f000000000000000, type: 0}
  m_StaticBatchInfo:
    firstSubMesh: 0
    subMeshCount: 0
  m_StaticBatchRoot: {fileID: 0}
  m_ProbeAnchor: {fileID: 0}
  m_LightProbeVolumeOverride: {fileID: 0}
  m_ScaleInLightmap: 1
  m_PreserveUVs: 0
  m_IgnoreNormalsForChartDetection: 0
  m_ImportantGI: 0
  m_StitchLightmapSeams: 1
  m_SelectedEditorRenderState: 3
  m_MinimumChartSize: 4
  m_AutoUVMaxDistance: 0.5
  m_AutoUVMaxAngle: 89
  m_LightmapParameters: {fileID: 0}
  m_SortingLayerID: 0
  m_SortingLayer: 0
  m_SortingOrder: 0
--- !u!33 &2044797092
MeshFilter:
  m_ObjectHideFlags: 0
  m_CorrespondingSourceObject: {fileID: 0}
  m_PrefabInstance: {fileID: 0}
  m_PrefabAsset: {fileID: 0}
  m_GameObject: {fileID: 2044797089}
  m_Mesh: {fileID: 10206, guid: 0000000000000000e000000000000000, type: 0}
--- !u!1001 &2077510981
PrefabInstance:
  m_ObjectHideFlags: 0
  serializedVersion: 2
  m_Modification:
    m_TransformParent: {fileID: 1882496495}
    m_Modifications:
    - target: {fileID: 6972021942536072043, guid: 97368b26366c4484e8e716c3f73df46b,
        type: 3}
      propertyPath: m_LocalPosition.x
      value: -1.19
      objectReference: {fileID: 0}
    - target: {fileID: 6972021942536072043, guid: 97368b26366c4484e8e716c3f73df46b,
        type: 3}
      propertyPath: m_LocalPosition.y
      value: 0
      objectReference: {fileID: 0}
    - target: {fileID: 6972021942536072043, guid: 97368b26366c4484e8e716c3f73df46b,
        type: 3}
      propertyPath: m_LocalPosition.z
      value: -3.1200004
      objectReference: {fileID: 0}
    - target: {fileID: 6972021942536072043, guid: 97368b26366c4484e8e716c3f73df46b,
        type: 3}
      propertyPath: m_LocalRotation.x
      value: -0
      objectReference: {fileID: 0}
    - target: {fileID: 6972021942536072043, guid: 97368b26366c4484e8e716c3f73df46b,
        type: 3}
      propertyPath: m_LocalRotation.y
      value: -0
      objectReference: {fileID: 0}
    - target: {fileID: 6972021942536072043, guid: 97368b26366c4484e8e716c3f73df46b,
        type: 3}
      propertyPath: m_LocalRotation.z
      value: -0
      objectReference: {fileID: 0}
    - target: {fileID: 6972021942536072043, guid: 97368b26366c4484e8e716c3f73df46b,
        type: 3}
      propertyPath: m_LocalRotation.w
      value: 1
      objectReference: {fileID: 0}
    - target: {fileID: 6972021942536072043, guid: 97368b26366c4484e8e716c3f73df46b,
        type: 3}
      propertyPath: m_RootOrder
      value: 4
      objectReference: {fileID: 0}
    - target: {fileID: 6972021942536072043, guid: 97368b26366c4484e8e716c3f73df46b,
        type: 3}
      propertyPath: m_LocalEulerAnglesHint.x
      value: 0
      objectReference: {fileID: 0}
    - target: {fileID: 6972021942536072043, guid: 97368b26366c4484e8e716c3f73df46b,
        type: 3}
      propertyPath: m_LocalEulerAnglesHint.y
      value: 0
      objectReference: {fileID: 0}
    - target: {fileID: 6972021942536072043, guid: 97368b26366c4484e8e716c3f73df46b,
        type: 3}
      propertyPath: m_LocalEulerAnglesHint.z
      value: 0
      objectReference: {fileID: 0}
    - target: {fileID: 6972021942536072044, guid: 97368b26366c4484e8e716c3f73df46b,
        type: 3}
      propertyPath: m_Name
      value: DRAGON TOOTH (2)
      objectReference: {fileID: 0}
    m_RemovedComponents: []
  m_SourcePrefab: {fileID: 100100000, guid: 97368b26366c4484e8e716c3f73df46b, type: 3}
--- !u!1 &2147248779
GameObject:
  m_ObjectHideFlags: 0
  m_CorrespondingSourceObject: {fileID: 0}
  m_PrefabInstance: {fileID: 0}
  m_PrefabAsset: {fileID: 0}
  serializedVersion: 6
  m_Component:
  - component: {fileID: 2147248780}
  - component: {fileID: 2147248782}
  - component: {fileID: 2147248781}
  m_Layer: 8
  m_Name: Cylinder
  m_TagString: Untagged
  m_Icon: {fileID: 0}
  m_NavMeshLayer: 0
  m_StaticEditorFlags: 0
  m_IsActive: 1
--- !u!4 &2147248780
Transform:
  m_ObjectHideFlags: 0
  m_CorrespondingSourceObject: {fileID: 0}
  m_PrefabInstance: {fileID: 0}
  m_PrefabAsset: {fileID: 0}
  m_GameObject: {fileID: 2147248779}
  m_LocalRotation: {x: -0, y: -0, z: -0, w: 1}
  m_LocalPosition: {x: 0, y: 0, z: 0}
  m_LocalScale: {x: 1, y: 1, z: 1}
  m_Children: []
  m_Father: {fileID: 1469719555}
  m_RootOrder: 0
  m_LocalEulerAnglesHint: {x: 0, y: 0, z: 0}
--- !u!23 &2147248781
MeshRenderer:
  m_ObjectHideFlags: 0
  m_CorrespondingSourceObject: {fileID: 0}
  m_PrefabInstance: {fileID: 0}
  m_PrefabAsset: {fileID: 0}
  m_GameObject: {fileID: 2147248779}
  m_Enabled: 1
  m_CastShadows: 1
  m_ReceiveShadows: 1
  m_DynamicOccludee: 1
  m_MotionVectors: 1
  m_LightProbeUsage: 1
  m_ReflectionProbeUsage: 1
  m_RenderingLayerMask: 1
  m_RendererPriority: 0
  m_Materials:
  - {fileID: 10303, guid: 0000000000000000f000000000000000, type: 0}
  m_StaticBatchInfo:
    firstSubMesh: 0
    subMeshCount: 0
  m_StaticBatchRoot: {fileID: 0}
  m_ProbeAnchor: {fileID: 0}
  m_LightProbeVolumeOverride: {fileID: 0}
  m_ScaleInLightmap: 1
  m_PreserveUVs: 0
  m_IgnoreNormalsForChartDetection: 0
  m_ImportantGI: 0
  m_StitchLightmapSeams: 1
  m_SelectedEditorRenderState: 3
  m_MinimumChartSize: 4
  m_AutoUVMaxDistance: 0.5
  m_AutoUVMaxAngle: 89
  m_LightmapParameters: {fileID: 0}
  m_SortingLayerID: 0
  m_SortingLayer: 0
  m_SortingOrder: 0
--- !u!33 &2147248782
MeshFilter:
  m_ObjectHideFlags: 0
  m_CorrespondingSourceObject: {fileID: 0}
  m_PrefabInstance: {fileID: 0}
  m_PrefabAsset: {fileID: 0}
  m_GameObject: {fileID: 2147248779}
  m_Mesh: {fileID: 10206, guid: 0000000000000000e000000000000000, type: 0}
--- !u!1001 &2524908006467901299
PrefabInstance:
  m_ObjectHideFlags: 0
  serializedVersion: 2
  m_Modification:
    m_TransformParent: {fileID: 0}
    m_Modifications:
    - target: {fileID: 7045340964213437429, guid: c31eced62509ecc44910e40047d12fed,
        type: 3}
      propertyPath: m_Name
      value: ITEM_BURN_FX
      objectReference: {fileID: 0}
    - target: {fileID: 9160994580157111095, guid: c31eced62509ecc44910e40047d12fed,
        type: 3}
      propertyPath: m_LocalPosition.x
      value: 7.301774
      objectReference: {fileID: 0}
    - target: {fileID: 9160994580157111095, guid: c31eced62509ecc44910e40047d12fed,
        type: 3}
      propertyPath: m_LocalPosition.y
      value: 2.24
      objectReference: {fileID: 0}
    - target: {fileID: 9160994580157111095, guid: c31eced62509ecc44910e40047d12fed,
        type: 3}
      propertyPath: m_LocalPosition.z
      value: -1.7425199
      objectReference: {fileID: 0}
    - target: {fileID: 9160994580157111095, guid: c31eced62509ecc44910e40047d12fed,
        type: 3}
      propertyPath: m_LocalRotation.x
      value: 0
      objectReference: {fileID: 0}
    - target: {fileID: 9160994580157111095, guid: c31eced62509ecc44910e40047d12fed,
        type: 3}
      propertyPath: m_LocalRotation.y
      value: 0
      objectReference: {fileID: 0}
    - target: {fileID: 9160994580157111095, guid: c31eced62509ecc44910e40047d12fed,
        type: 3}
      propertyPath: m_LocalRotation.z
      value: 0
      objectReference: {fileID: 0}
    - target: {fileID: 9160994580157111095, guid: c31eced62509ecc44910e40047d12fed,
        type: 3}
      propertyPath: m_LocalRotation.w
      value: 1
      objectReference: {fileID: 0}
    - target: {fileID: 9160994580157111095, guid: c31eced62509ecc44910e40047d12fed,
        type: 3}
      propertyPath: m_RootOrder
      value: 2
      objectReference: {fileID: 0}
    - target: {fileID: 9160994580157111095, guid: c31eced62509ecc44910e40047d12fed,
        type: 3}
      propertyPath: m_LocalEulerAnglesHint.x
      value: 0
      objectReference: {fileID: 0}
    - target: {fileID: 9160994580157111095, guid: c31eced62509ecc44910e40047d12fed,
        type: 3}
      propertyPath: m_LocalEulerAnglesHint.y
      value: 0
      objectReference: {fileID: 0}
    - target: {fileID: 9160994580157111095, guid: c31eced62509ecc44910e40047d12fed,
        type: 3}
      propertyPath: m_LocalEulerAnglesHint.z
      value: 0
      objectReference: {fileID: 0}
    m_RemovedComponents: []
  m_SourcePrefab: {fileID: 100100000, guid: c31eced62509ecc44910e40047d12fed, type: 3}
--- !u!1001 &2723075980906432276
PrefabInstance:
  m_ObjectHideFlags: 0
  serializedVersion: 2
  m_Modification:
    m_TransformParent: {fileID: 0}
    m_Modifications:
    - target: {fileID: 2723075980071572545, guid: b2322e52d60c5d54f8f2e389b1695336,
        type: 3}
      propertyPath: m_Name
      value: TEST_WATERTANK
      objectReference: {fileID: 0}
    - target: {fileID: 2723075980071572557, guid: b2322e52d60c5d54f8f2e389b1695336,
        type: 3}
      propertyPath: m_LocalPosition.x
      value: 8.14
      objectReference: {fileID: 0}
    - target: {fileID: 2723075980071572557, guid: b2322e52d60c5d54f8f2e389b1695336,
        type: 3}
      propertyPath: m_LocalPosition.y
      value: 0.59
      objectReference: {fileID: 0}
    - target: {fileID: 2723075980071572557, guid: b2322e52d60c5d54f8f2e389b1695336,
        type: 3}
      propertyPath: m_LocalPosition.z
      value: 5.29
      objectReference: {fileID: 0}
    - target: {fileID: 2723075980071572557, guid: b2322e52d60c5d54f8f2e389b1695336,
        type: 3}
      propertyPath: m_LocalRotation.x
      value: 0
      objectReference: {fileID: 0}
    - target: {fileID: 2723075980071572557, guid: b2322e52d60c5d54f8f2e389b1695336,
        type: 3}
      propertyPath: m_LocalRotation.y
      value: 0
      objectReference: {fileID: 0}
    - target: {fileID: 2723075980071572557, guid: b2322e52d60c5d54f8f2e389b1695336,
        type: 3}
      propertyPath: m_LocalRotation.z
      value: 0
      objectReference: {fileID: 0}
    - target: {fileID: 2723075980071572557, guid: b2322e52d60c5d54f8f2e389b1695336,
        type: 3}
      propertyPath: m_LocalRotation.w
      value: 1
      objectReference: {fileID: 0}
    - target: {fileID: 2723075980071572557, guid: b2322e52d60c5d54f8f2e389b1695336,
        type: 3}
      propertyPath: m_RootOrder
      value: 12
      objectReference: {fileID: 0}
    - target: {fileID: 2723075980071572557, guid: b2322e52d60c5d54f8f2e389b1695336,
        type: 3}
      propertyPath: m_LocalEulerAnglesHint.x
      value: 0
      objectReference: {fileID: 0}
    - target: {fileID: 2723075980071572557, guid: b2322e52d60c5d54f8f2e389b1695336,
        type: 3}
      propertyPath: m_LocalEulerAnglesHint.y
      value: 0
      objectReference: {fileID: 0}
    - target: {fileID: 2723075980071572557, guid: b2322e52d60c5d54f8f2e389b1695336,
        type: 3}
      propertyPath: m_LocalEulerAnglesHint.z
      value: 0
      objectReference: {fileID: 0}
    m_RemovedComponents: []
  m_SourcePrefab: {fileID: 100100000, guid: b2322e52d60c5d54f8f2e389b1695336, type: 3}
--- !u!1001 &3288126170442415905
PrefabInstance:
  m_ObjectHideFlags: 0
  serializedVersion: 2
  m_Modification:
    m_TransformParent: {fileID: 0}
    m_Modifications:
    - target: {fileID: 1716116983973965856, guid: 3d1d5de5b8c0a4141b76eac9ee0d1b38,
        type: 3}
      propertyPath: m_LocalPosition.x
      value: 0.4734025
      objectReference: {fileID: 0}
    - target: {fileID: 1716116983973965856, guid: 3d1d5de5b8c0a4141b76eac9ee0d1b38,
        type: 3}
      propertyPath: m_LocalPosition.y
      value: -2.0099077
      objectReference: {fileID: 0}
    - target: {fileID: 1716116983973965856, guid: 3d1d5de5b8c0a4141b76eac9ee0d1b38,
        type: 3}
      propertyPath: m_LocalPosition.z
      value: -1.5636396
      objectReference: {fileID: 0}
    - target: {fileID: 1716116983973965856, guid: 3d1d5de5b8c0a4141b76eac9ee0d1b38,
        type: 3}
      propertyPath: m_LocalRotation.x
      value: 0
      objectReference: {fileID: 0}
    - target: {fileID: 1716116983973965856, guid: 3d1d5de5b8c0a4141b76eac9ee0d1b38,
        type: 3}
      propertyPath: m_LocalRotation.y
      value: 0
      objectReference: {fileID: 0}
    - target: {fileID: 1716116983973965856, guid: 3d1d5de5b8c0a4141b76eac9ee0d1b38,
        type: 3}
      propertyPath: m_LocalRotation.z
      value: 0
      objectReference: {fileID: 0}
    - target: {fileID: 1716116983973965856, guid: 3d1d5de5b8c0a4141b76eac9ee0d1b38,
        type: 3}
      propertyPath: m_LocalRotation.w
      value: 1
      objectReference: {fileID: 0}
    - target: {fileID: 1716116983973965856, guid: 3d1d5de5b8c0a4141b76eac9ee0d1b38,
        type: 3}
      propertyPath: m_RootOrder
      value: 16
      objectReference: {fileID: 0}
    - target: {fileID: 1716116983973965856, guid: 3d1d5de5b8c0a4141b76eac9ee0d1b38,
        type: 3}
      propertyPath: m_LocalEulerAnglesHint.x
      value: 0
      objectReference: {fileID: 0}
    - target: {fileID: 1716116983973965856, guid: 3d1d5de5b8c0a4141b76eac9ee0d1b38,
        type: 3}
      propertyPath: m_LocalEulerAnglesHint.y
      value: 0
      objectReference: {fileID: 0}
    - target: {fileID: 1716116983973965856, guid: 3d1d5de5b8c0a4141b76eac9ee0d1b38,
        type: 3}
      propertyPath: m_LocalEulerAnglesHint.z
      value: 0
      objectReference: {fileID: 0}
    - target: {fileID: 2319757403047712615, guid: 3d1d5de5b8c0a4141b76eac9ee0d1b38,
        type: 3}
      propertyPath: m_Name
      value: Dragon_mouth_env_01
      objectReference: {fileID: 0}
    m_RemovedComponents: []
  m_SourcePrefab: {fileID: 100100000, guid: 3d1d5de5b8c0a4141b76eac9ee0d1b38, type: 3}
--- !u!1001 &6972021941690390846
PrefabInstance:
  m_ObjectHideFlags: 0
  serializedVersion: 2
  m_Modification:
    m_TransformParent: {fileID: 1882496495}
    m_Modifications:
    - target: {fileID: 6972021942536072043, guid: 97368b26366c4484e8e716c3f73df46b,
        type: 3}
      propertyPath: m_LocalPosition.x
      value: -4.69
      objectReference: {fileID: 0}
    - target: {fileID: 6972021942536072043, guid: 97368b26366c4484e8e716c3f73df46b,
        type: 3}
      propertyPath: m_LocalPosition.y
      value: 0
      objectReference: {fileID: 0}
    - target: {fileID: 6972021942536072043, guid: 97368b26366c4484e8e716c3f73df46b,
        type: 3}
      propertyPath: m_LocalPosition.z
      value: -0.87
      objectReference: {fileID: 0}
    - target: {fileID: 6972021942536072043, guid: 97368b26366c4484e8e716c3f73df46b,
        type: 3}
      propertyPath: m_LocalRotation.x
      value: -0
      objectReference: {fileID: 0}
    - target: {fileID: 6972021942536072043, guid: 97368b26366c4484e8e716c3f73df46b,
        type: 3}
      propertyPath: m_LocalRotation.y
      value: -0
      objectReference: {fileID: 0}
    - target: {fileID: 6972021942536072043, guid: 97368b26366c4484e8e716c3f73df46b,
        type: 3}
      propertyPath: m_LocalRotation.z
      value: -0
      objectReference: {fileID: 0}
    - target: {fileID: 6972021942536072043, guid: 97368b26366c4484e8e716c3f73df46b,
        type: 3}
      propertyPath: m_LocalRotation.w
      value: 1
      objectReference: {fileID: 0}
    - target: {fileID: 6972021942536072043, guid: 97368b26366c4484e8e716c3f73df46b,
        type: 3}
      propertyPath: m_RootOrder
      value: 6
      objectReference: {fileID: 0}
    - target: {fileID: 6972021942536072043, guid: 97368b26366c4484e8e716c3f73df46b,
        type: 3}
      propertyPath: m_LocalEulerAnglesHint.x
      value: 0
      objectReference: {fileID: 0}
    - target: {fileID: 6972021942536072043, guid: 97368b26366c4484e8e716c3f73df46b,
        type: 3}
      propertyPath: m_LocalEulerAnglesHint.y
      value: 0
      objectReference: {fileID: 0}
    - target: {fileID: 6972021942536072043, guid: 97368b26366c4484e8e716c3f73df46b,
        type: 3}
      propertyPath: m_LocalEulerAnglesHint.z
      value: 0
      objectReference: {fileID: 0}
    - target: {fileID: 6972021942536072044, guid: 97368b26366c4484e8e716c3f73df46b,
        type: 3}
      propertyPath: m_Name
      value: DRAGON TOOTH
      objectReference: {fileID: 0}
    m_RemovedComponents: []
  m_SourcePrefab: {fileID: 100100000, guid: 97368b26366c4484e8e716c3f73df46b, type: 3}
